% Encoding: UTF-8

@Article{ene2015,
  author    = {Matei {\c{T}}ene and Yixuan Wang and Hadi Hajibeygi},
  title     = {Adaptive algebraic multiscale solver for compressible flow in heterogeneous porous media},
  journal   = {Journal of Computational Physics},
  year      = {2015},
  volume    = {300},
  pages     = {679--694},
  month     = {nov},
  doi       = {10.1016/j.jcp.2015.08.009},
  file      = {:documentos/Adaptive algebraic multiscale solver for compressible flow in heterogeneous porous media_paper.pdf:PDF},
  publisher = {Elsevier {BV}},
  url       = {https://doi.org/10.1016/j.jcp.2015.08.009},
}

@Article{Cusini2016,
  author    = {Matteo Cusini and Cor van Kruijsdijk and Hadi Hajibeygi},
  title     = {Algebraic dynamic multilevel ({ADM}) method for fully implicit simulations of multiphase flow in porous media},
  journal   = {Journal of Computational Physics},
  year      = {2016},
  volume    = {314},
  pages     = {60--79},
  month     = {jun},
  doi       = {10.1016/j.jcp.2016.03.007},
  file      = {:documentos/Algebraic dynamic multilevel (ADM) method for fully implicit simulations of multiphase flow in porous media_paper.pdf:PDF},
  publisher = {Elsevier {BV}},
}

@PhdThesis{Zhou2010,
  author = {Hui Zhou},
  title  = {Algebraic Multiscale Finite-Volume Methods for Reservoir Simulation},
  school = {Stanford University},
  year   = {2010},
  month  = {May},
  file   = {:documentos/ALGEBRAIC MULTISCALE FINITE-VOLUME METHODS FOR RESERVOIR SIMULATION.pdf:PDF},
}

@Article{Wang2014,
  author    = {Yixuan Wang and Hadi Hajibeygi and Hamdi A. Tchelepi},
  title     = {Algebraic multiscale solver for flow in heterogeneous porous media},
  journal   = {Journal of Computational Physics},
  year      = {2014},
  volume    = {259},
  pages     = {284--303},
  month     = {feb},
  doi       = {10.1016/j.jcp.2013.11.024},
  file      = {:documentos/Algebraic_multiscale_solver_for_flow_in_heterogeneous_porous_media_paper.pdf:PDF},
  publisher = {Elsevier {BV}},
}

@PhdThesis{Wang2015,
  author = {Yixuan Wang},
  title  = {Algebraic Multiscale Solver for Flow Problems in Heterogeneous Porous Media},
  school = {STANFORD UNIVERSITY},
  year   = {2015},
  month  = dec,
  file   = {:documentos/ALGEBRAIC MULTISCALE SOLVER FOR FLOW PROBLEMS IN HETEROGENEOUS POROUS MEDIA.pdf:PDF},
}

@Article{Knze2013,
  author    = {Rouven K\"{u}nze and Ivan Lunati and Seong H. Lee},
  title     = {A Multilevel Multiscale Finite-Volume Method},
  journal   = {Journal of Computational Physics},
  year      = {2013},
  volume    = {255},
  pages     = {502--520},
  month     = {dec},
  doi       = {10.1016/j.jcp.2013.08.042},
  file      = {:documentos/A Multilevel Multiscale Finite-Volume Method-Rouven Künze a  Ivan Lunati a- Seong H. Lee b_paper.pdf:PDF},
  publisher = {Elsevier {BV}},
  url       = {https://doi.org/10.1016/j.jcp.2013.08.042},
}

@MastersThesis{Magri2015,
  author = {Victor A. P. Magri},
  title  = {Pré-Condicionador Multiescala Algébrico Aplicado à Simulação de Reservatórios de Petróleo},
  school = {Universidade Federal de Santa Catarina},
  year   = {2015},
  month  = sep,
  file   = {:documentos/Pré-Condicionador Multiescala Algébrico Aplicado à Simulação de Reservatórios de Petróleo.pdf:PDF},
}

@Article{Zhou2012,
  author    = {Hui Zhou and Hamdi A. Tchelepi},
  title     = {Two-Stage Algebraic Multiscale Linear Solver for Highly Heterogeneous Reservoir Models},
  journal   = {{SPE} Journal},
  year      = {2012},
  volume    = {17},
  number    = {02},
  pages     = {523--539},
  month     = {jun},
  doi       = {10.2118/141473-pa},
  file      = {:documentos/Two-Stage Algebraic Multiscale Linear Solver for Highly Heterogeneous Reservoir Models_paper.pdf:PDF},
  publisher = {Society of Petroleum Engineers ({SPE})},
  url       = {https://doi.org/10.2118/141473-pa},
}

@InProceedings{Durlofsky03upscalingof,
  author    = {Louis J. Durlofsky},
  title     = {Upscaling of Geocellular Models for Reservoir Flow Simulation: A Review of Recent Progress},
  booktitle = {7 th International Forum on Reservoir Simulation},
  year      = {2003},
  pages     = {23--27},
  file      = {:documentos/Upscaling of Geocellular Models for Reservoir Flow Simulation\: A Review of Recent Progress.pdf:PDF},
}

@MastersThesis{Demetrio2009,
  author = {Dem\'etrio, Filho, de Souza Menezes},
  title  = {Utilização de m\'etodos de transfer\^encia de escala na simulação de recuperaç\~ao de hidrocarbonetos com aplicação de computação distribu\'ida},
  school = {Universidade Federal de Pernambuco},
  year   = {2009},
  month  = jun,
  file   = {:documentos/Utilização de métodos de transferência de escala na simulação de recuperação de hidrocarbonetos com aplicação de computação distribuída.pdf:PDF},
}

@Article{Chen2003,
  author    = {Y. Chen and L.J. Durlofsky and M. Gerritsen and X.H. Wen},
  title     = {A coupled local-global upscaling approach for simulating flow in highly heterogeneous formations},
  journal   = {Advances in Water Resources},
  year      = {2003},
  volume    = {26},
  number    = {10},
  pages     = {1041--1060},
  month     = {oct},
  doi       = {10.1016/s0309-1708(03)00101-5},
  file      = {:documentos/chen2003.pdf:PDF},
  publisher = {Elsevier},
}

@Article{Durlofsky1991,
  author    = {Louis J. Durlofsky},
  title     = {Numerical calculation of equivalent grid block permeability tensors for heterogeneous porous media},
  journal   = {Water Resources Research},
  year      = {1991},
  volume    = {27},
  number    = {5},
  pages     = {699--708},
  month     = {may},
  doi       = {10.1029/91wr00107},
  file      = {:documentos/durlofsky1991.pdf:PDF},
  publisher = {American Geophysical Union ({AGU})},
  url       = {https://doi.org/10.1029/91wr00107},
}

@Article{Hajibeygi2008,
  author    = {Hadi Hajibeygi and Giuseppe Bonfigli and Marc Andre Hesse and Patrick Jenny},
  title     = {Iterative multiscale finite-volume method},
  journal   = {Journal of Computational Physics},
  year      = {2008},
  volume    = {227},
  number    = {19},
  pages     = {8604--8621},
  month     = {oct},
  doi       = {10.1016/j.jcp.2008.06.013},
  file      = {:documentos/hajibeygi2008.pdf:PDF},
  publisher = {Elsevier {BV}},
  url       = {https://doi.org/10.1016/j.jcp.2008.06.013},
}

@Article{Lee2008,
  author    = {S. H. Lee and C. Wolfsteiner and H. A. Tchelepi},
  title     = {Multiscale finite-volume formulation for multiphase flow in porous media: black oil formulation of compressible, three-phase flow with gravity},
  journal   = {Computational Geosciences},
  year      = {2008},
  volume    = {12},
  number    = {3},
  pages     = {351--366},
  month     = {jan},
  doi       = {10.1007/s10596-007-9069-3},
  file      = {:documentos/lee2008.pdf:PDF},
  publisher = {Springer Nature},
  url       = {https://doi.org/10.1007/s10596-007-9069-3},
}

@Article{Zhou2008,
  author    = {Hui Zhou and Hamdi A. Tchelepi},
  title     = {Operator-Based Multiscale Method for Compressible Flow},
  journal   = {{SPE} Journal},
  year      = {2008},
  volume    = {13},
  number    = {02},
  pages     = {267--273},
  month     = {jun},
  doi       = {10.2118/106254-pa},
  file      = {:documentos/zhou2008.pdf:PDF},
  publisher = {Society of Petroleum Engineers ({SPE})},
  url       = {https://doi.org/10.2118/106254-pa},
}

@Article{Jenny2003,
  author    = {P Jenny and S.H Lee and H.A Tchelepi},
  title     = {Multi-scale finite-volume method for elliptic problems in subsurface flow simulation},
  journal   = {Journal of Computational Physics},
  year      = {2003},
  volume    = {187},
  number    = {1},
  pages     = {47--67},
  month     = {may},
  doi       = {10.1016/s0021-9991(03)00075-5},
  file      = {:documentos/jenny2003.pdf:PDF},
  publisher = {Elsevier {BV}},
  url       = {https://doi.org/10.1016/s0021-9991(03)00075-5},
}

@Article{Lunati2006,
  author    = {Ivan Lunati and Patrick Jenny},
  title     = {Multiscale finite-volume method for compressible multiphase flow in porous media},
  journal   = {Journal of Computational Physics},
  year      = {2006},
  volume    = {216},
  number    = {2},
  pages     = {616--636},
  month     = {aug},
  doi       = {10.1016/j.jcp.2006.01.001},
  file      = {:documentos/lunati2006.pdf:PDF},
  publisher = {Elsevier {BV}},
  url       = {https://doi.org/10.1016/j.jcp.2006.01.001},
}

@PhdThesis{Barbosa2017,
  author = {Lorena M. C. Barbosa},
  title  = {Formulações Multiescala Localmente Conservativas para a Simulação de Reservatórios de Petróleo Muito Heterogêneos e Anisotrópicos},
  school = {Universidade Federal de Pernambuco},
  year   = {2017},
  month  = feb,
  file   = {:documentos/TESE Lorena Monteiro Cavalcanti Barbosa.pdf:PDF},
}

@PhdThesis{Carvalho2005,
  author = {Darlan K. E. Carvalho},
  title  = {Uma formulação do método dos volumes finitos com estrutura de dados por aresta para a simulação de escoamentos em meios porosos},
  school = {Universidade Federal de Pernambuco},
  year   = {2005},
  month  = nov,
  file   = {:documentos/Carvalho2005.pdf:PDF},
}

@PhdThesis{Souza2015,
  author = {Márcio R. A. Souza},
  title  = {Simulação Numérica de Escoamento Bifásico em Reservatórios de Petróleo Heterogêneos e Anisotrópicos Utilizando um Método de Volumes Finitos “Verdadeiramente” Multidimensional com Aproximação de Alta Ordem},
  school = {Universidade Federal de Pernambuco},
  year   = {2015},
  month  = sep,
  file   = {:documentos/Souza_Tese_2015_09_22.pdf:PDF},
}

@Article{Farmer2002,
  author    = {C. L. Farmer},
  title     = {Upscaling: a review},
  journal   = {International Journal for Numerical Methods in Fluids},
  year      = {2002},
  volume    = {40},
  number    = {1-2},
  pages     = {63--78},
  doi       = {10.1002/fld.267},
  file      = {:documentos/farmer2002.pdf:PDF},
  publisher = {Wiley},
  url       = {https://doi.org/10.1002/fld.267},
}

@Article{Edwards2008,
  author    = {Michael G. Edwards and Hongwen Zheng},
  title     = {A quasi-positive family of continuous Darcy-flux finite-volume schemes with full pressure support},
  journal   = {Journal of Computational Physics},
  year      = {2008},
  volume    = {227},
  number    = {22},
  pages     = {9333--9364},
  month     = {nov},
  doi       = {10.1016/j.jcp.2008.05.028},
  file      = {:documentos/edwards2008.pdf:PDF},
  publisher = {Elsevier {BV}},
  url       = {https://doi.org/10.1016/j.jcp.2008.05.028},
}

@Article{Aavatsmark1998,
  author    = {I. Aavatsmark and T. Barkve and O. B{\o}e and T. Mannseth},
  title     = {Discretization on Unstructured Grids for Inhomogeneous, Anisotropic Media. Part I: Derivation of the Methods},
  journal   = {{SIAM} Journal on Scientific Computing},
  year      = {1998},
  volume    = {19},
  number    = {5},
  pages     = {1700--1716},
  month     = {sep},
  doi       = {10.1137/s1064827595293582},
  file      = {:documentos/aavatsmark1998.pdf:PDF},
  publisher = {Society for Industrial {\&} Applied Mathematics ({SIAM})},
  url       = {https://doi.org/10.1137/s1064827595293582},
}

@MastersThesis{Contreras2012,
  author = {Fernando Raul Licapa Contreras},
  title  = {Um Método de Volumes Finitos Centrado na Célula para a Simulação de Escoamentos Bifásicos em Reservatórios de Petróleo Heterogêneos e Anisotrópicos},
  school = {Universidade Federal de Pernambuco},
  year   = {2012},
  file   = {:documentos/Disertação 30_01_2014_versão_Digital.pdf:PDF},
}

@Article{Horgue2015,
  author    = {P. Horgue and C. Soulaine and J. Franc and R. Guibert and G. Debenest},
  title     = {An open-source toolbox for multiphase flow in porous media},
  journal   = {Computer Physics Communications},
  year      = {2015},
  volume    = {187},
  pages     = {217--226},
  month     = {feb},
  doi       = {10.1016/j.cpc.2014.10.005},
  file      = {:documentos/horgue2015.pdf:PDF},
  publisher = {Elsevier {BV}},
  url       = {https://doi.org/10.1016/j.cpc.2014.10.005},
}

@MastersThesis{Braian2017,
  author = {Braian S. Brum},
  title  = {Simulação do Escoamento Bifásico de Água e Óleo em Reservatórios de Petróleo Naturalmente Fraturados Utilizando Métodos de Volumes Finitos Acoplados a Modelos de Fraturas com Dimensão Reduzida},
  school = {Universidade Federal de Pernambuco},
  year   = {2017},
  file   = {:documentos/DISSERTAÇÃO Braian Schneider Brum.pdf:PDF},
}

@Book{Rosa2006,
  title     = {Engenharia de Reservatórios de Petróleo},
  publisher = {Interciência},
  year      = {2006},
  author    = {Adalberto José Rosa and Renato de Souza Carvalho and José Augusto Daniel Xavier},
  isbn      = {85-7193-135-6},
  file      = {:documentos/Livro ENGENHARIA DE RESERVATÓRIOS DE PETRÓLEO.pdf:PDF},
}

@Book{8571930465,
  title     = {Fundamentos De Engenharia De Petróleo},
  publisher = {Editora Interciência},
  year      = {2001},
  author    = {José Eduardo Thomas},
  isbn      = {8571930465},
  file      = {:documentos/Fundamentos_Engenharia_Petr_leo_Thomas-2001.pdf:PDF},
  url       = {https://www.amazon.com/Fundamentos-Engenharia-Petr%C3%B3leo-Eduardo-Thomas/dp/8571930465?SubscriptionId=AKIAIOBINVZYXZQZ2U3A&tag=chimbori05-20&linkCode=xm2&camp=2025&creative=165953&creativeASIN=8571930465},
}

@MastersThesis{Amorim2009,
  author = {Elisa Portes dos Santos Amorim},
  title  = {Ajuste Automático de Hist\'orico em Reservat\'orios de Petr\'oleo utilizando o M\'etodo TSVD},
  school = {Universidade Federal de Juiz de Fora},
  year   = {2009},
  file   = {:documentos/dissertacao_elisa_santos.pdf:PDF},
}

@Book{Chen2006,
  title     = {Computational Methods for Multiphase Flows in Porous Media (Computational Science and Engineering)},
  publisher = {Society for Industrial and Applied Mathematics},
  year      = {2006},
  author    = {Zhangxin Chen and Guanren Huan and Yuanle Ma},
  isbn      = {0898716063},
  file      = {:documentos/Computational_Science_and_EngineeringZhangxin_Chen-Computational_Methods_for_Multiphase_Flows_in_Porous_Media-Society_for_Industrial_and_Applied_Mathematic2006.pdf:PDF},
}

@Book{Chen2007,
  title     = {Reservoir Simulation: Mathematical Techniques in Oil Recovery (CBMS-NSF Regional Conference Series in Applied Mathematics)},
  publisher = {Society for Industrial and Applied Mathematics},
  year      = {2007},
  author    = {Zhangxin Chen},
  isbn      = {0898716721},
  file      = {:documentos/reservoir-simulation-mathematical-techniques-in-oi.pdf:PDF},
}

@Book{9780750679336,
  title     = {Principles of Applied Reservoir Simulation},
  publisher = {Gulf Professional Publishing},
  year      = {2005},
  author    = {John R. Fanchi},
  isbn      = {0750679336},
  file      = {:documentos/Fanchi_J_R_-_Principles_of_App.pdf:PDF},
}

@Book{044441830X,
  title     = {Fundamentals of Reservoir Engineering, Volume 8 (Developments in Petroleum Science)},
  publisher = {Elsevier Science},
  year      = {1983},
  author    = {L.P. Dake},
  editor    = {.},
  address   = {London, England},
  isbn      = {9780444418302},
  file      = {:documentos/Fundamentals of Reservoir Engineering (L.P. Dake).pdf:PDF},
}

@Book{9788564878051,
  title     = {O MERCADO DO PETRÓLEO: Oferta, Refino e Preço},
  publisher = {Fundação Getúlio Vargas},
  year      = {2012},
  author    = {César Cunha Campos},
  isbn      = {9788564878051},
  file      = {:documentos/Petroleo.pdf:PDF},
}

@Book{9781633430235,
  title     = {Docker in Action},
  publisher = {Manning Publications},
  year      = {2016},
  author    = {Jeff Nickoloff},
  isbn      = {1633430235},
  file      = {:documentos/Docker-in-Action.pdf:PDF},
}

@InProceedings{Christie2001,
  author    = {M.A. Christie and M.J. Blunt},
  title     = {Tenth {SPE} Comparative Solution Project: A Comparison of Upscaling Techniques},
  booktitle = {{SPE} Reservoir Simulation Symposium},
  year      = {2001},
  publisher = {Society of Petroleum Engineers},
  doi       = {10.2118/66599-ms},
  file      = {:documentos/christie2001.pdf:PDF},
}

@MastersThesis{Teixeira2011,
  author = {Gustavo Miranda Teixeira},
  title  = {Métodos numéricos para a solução de escoamentos bifásicos de fluidos incompress\'iveis em meios porosos},
  school = {Universidade Federal de Juiz de Fora},
  year   = {2011},
  file   = {:documentos/MÉTODOS NUMÉRICOS PARA A SOLUÇÃO DE ESCOAMENTOS BIFÁSICOS DE FLUIDOS INCOMPRESSÍVEIS EM MEIOS POROSOS..pdf:PDF},
}

@PhdThesis{Contreras2017,
  author  = {Fernando Raul Licapa Contreras},
  title   = {Método de Volumes Finitos Robustos para a Simulação de Escoamentos Bifásicos de Água e Óleo em Reservatóris de Petróleo},
  school  = {Universidade Federal de Pernambuco},
  year    = {2017},
  address = {Recife, Pernambuco},
  file    = {:documentos/2017TeseFernandoContreras.pdf:PDF},
}

@Article{Wen1996,
  author    = {Xian-Huan Wen and J.Jaime G{\'{o}}mez-Hern{\'{a}}ndez},
  title     = {Upscaling hydraulic conductivities in heterogeneous media: An overview},
  journal   = {Journal of Hydrology},
  year      = {1996},
  volume    = {183},
  number    = {1-2},
  pages     = {ix--xxxii},
  month     = aug,
  doi       = {10.1016/s0022-1694(96)80030-8},
  file      = {:documentos/1996 - Upscaling Hydraulic Conductivities in Heterogeneous Media - an Overview.pdf:PDF},
  publisher = {Elsevier {BV}},
}

@Article{Minev_2018,
  author    = {Peter Minev and Shriram Srinivasan and Petr N. Vabishchevich},
  title     = {Flux formulation of parabolic equations with highly heterogeneous coefficients},
  journal   = {Journal of Computational and Applied Mathematics},
  year      = {2018},
  volume    = {340},
  pages     = {582--601},
  month     = {oct},
  doi       = {10.1016/j.cam.2017.12.003},
  file      = {:documentos/after_review1.pdf:PDF},
  publisher = {Elsevier {BV}},
  url       = {https://doi.org/10.1016%2Fj.cam.2017.12.003},
}

@MastersThesis{Sanjombi2004,
  author  = {Bernabé AJfredo Sanjombi},
  title   = {Transferência de Escala Aplicada a Blocos com Poços e Reservatórios com Heterogeneidades Fortes},
  school  = {Universidade Estadual de Campinas},
  year    = {2004},
  address = {Campinas},
  file    = {:documentos/Sanjombi_BernabeAlfredo_M.pdf:PDF},
}

@MastersThesis{Cruz1991,
  author  = {Paulo Sérgio da Cruz},
  title   = {Análise Crítica dos Métodos de Mudança de Escala Associados à simulação de Reservatórios},
  school  = {Universidade Estadual de Campinas},
  year    = {1991},
  address = {Campinas},
  file    = {:documentos/Cruz_PauloSergioda_M.pdf:PDF},
}

@MastersThesis{Pires2016,
  author  = {Ana Lúcia Garcia Pires},
  title   = {Transferência de Escala aplicada ao Modelo Benchmark UNISIM-II},
  school  = {Técnico Lisboa},
  year    = {2016},
  address = {Lisboa},
  file    = {:documentos/Tese_Ana Pires_82149.pdf:PDF},
}

@Article{Cardwell_1945,
  author    = {W.T. Cardwell and R.L. Parsons},
  title     = {Average Permeabilities of Heterogeneous Oil Sands},
  journal   = {Transactions of the AIME},
  year      = {1944},
  volume    = {160},
  number    = {01},
  pages     = {34--42},
  month     = {dec},
  doi       = {10.2118/945034-g},
  file      = {:documentos/cardwell1945.pdf:PDF},
  publisher = {Society of Petroleum Engineers (SPE)},
}

@InProceedings{Durlofsky2005,
  author    = {Louis J. Durlofsky},
  title     = {Upscaling and Gridding of Fine Scale Geological Models for Flow Simulation},
  booktitle = {8 th International Forum on Reservoir Simulation},
  year      = {2005},
  pages     = {20--24},
  file      = {:documentos/10.1.1.485.6291.pdf:PDF},
}

@Article{Warren_1961,
  author    = {J.E. Warren and H.S. Price},
  title     = {Flow in Heterogeneous Porous Media},
  journal   = {Society of Petroleum Engineers Journal},
  year      = {1961},
  volume    = {1},
  number    = {03},
  pages     = {153--169},
  month     = {sep},
  doi       = {10.2118/1579-g},
  file      = {:documentos/warren1961.pdf:PDF},
  publisher = {Society of Petroleum Engineers (SPE)},
}

@Article{Moyner2_2014,
  author    = {Olav M{\o}yner and Knut-Andreas Lie},
  title     = {A multiscale two-point flux-approximation method},
  journal   = {Journal of Computational Physics},
  year      = {2014},
  volume    = {275},
  pages     = {273--293},
  month     = {oct},
  file      = {:documentos/moyner1.pdf:PDF;:documentos/moyner1.pdf:PDF},
  publisher = {Elsevier {BV}},
}

@Article{Wang_2015,
  author    = {Yixuan Wang and Hadi Hajibeygi and Hamdi A. Tchelepi},
  title     = {Monotone multiscale finite volume method},
  journal   = {Computational Geosciences},
  year      = {2015},
  volume    = {20},
  number    = {3},
  pages     = {509--524},
  month     = {aug},
  doi       = {10.1007/s10596-015-9506-7},
  file      = {:documentos/Monotone_multiscale.pdf:PDF},
  publisher = {Springer Nature},
}

@Article{Barbosa_2018,
  author    = {L. M. C. Barbosa and A. R. E. Antunes and P. R. M. Lyra and D. K. E. Carvalho},
  title     = {An iterative modified multiscale control volume method for the simulation of highly heterogeneous porous media flow},
  journal   = {Journal of the Brazilian Society of Mechanical Sciences and Engineering},
  year      = {2018},
  volume    = {40},
  number    = {2},
  month     = {jan},
  doi       = {10.1007/s40430-017-0929-z},
  file      = {:documentos/barbosa2018.pdf:PDF},
  publisher = {Springer Nature},
  url       = {https://doi.org/10.1007%2Fs40430-017-0929-z},
}

@Article{Moyner_2014,
  author    = {Olav M{\o}yner and Knut-Andreas Lie},
  title     = {The Multiscale Finite-Volume Method on Stratigraphic Grids},
  journal   = {{SPE} Journal},
  year      = {2014},
  volume    = {19},
  number    = {05},
  pages     = {816--831},
  month     = {oct},
  doi       = {10.2118/163649-pa},
  file      = {:documentos/moyner_construct.pdf:PDF},
  publisher = {Society of Petroleum Engineers ({SPE})},
  url       = {https://doi.org/10.2118%2F163649-pa},
}

@Article{Hajibeygi_2014,
  author    = {Hadi Hajibeygi and Hamdi A. Tchelepi},
  title     = {Compositional Multiscale Finite-Volume Formulation},
  journal   = {{SPE} Journal},
  year      = {2014},
  volume    = {19},
  number    = {02},
  pages     = {316--326},
  month     = {apr},
  doi       = {10.2118/163664-pa},
  file      = {:documentos/hajibeygi2014.pdf:PDF},
  publisher = {Society of Petroleum Engineers ({SPE})},
}

@Article{Ehrmann_2019,
  author    = {Silvia Ehrmann and Sebastian Gries and Marc Alexander Schweitzer},
  title     = {Generalization of algebraic multiscale to algebraic multigrid},
  journal   = {Computational Geosciences},
  year      = {2019},
  month     = {jun},
  doi       = {10.1007/s10596-019-9826-0},
  file      = {:documentos/10.1007@s10596-019-9826-0.pdf:PDF},
  publisher = {Springer Science and Business Media {LLC}},
  url       = {https://doi.org/10.1007%2Fs10596-019-9826-0},
}

@Article{Brandt_1977,
  author    = {Achi Brandt},
  title     = {Multi-Level Adaptive Solutions to Boundary-Value Problems},
  journal   = {Mathematics of Computation},
  year      = {1977},
  volume    = {31},
  number    = {138},
  pages     = {333},
  month     = {apr},
  doi       = {10.2307/2006422},
  file      = {:documentos/brandt1977.pdf:PDF},
  publisher = {{JSTOR}},
  url       = {https://doi.org/10.2307%2F2006422},
}

@Article{Moraes_2017,
  author    = {Rafael J. de Moraes and Jos{\'{e}} R.P. Rodrigues and Hadi Hajibeygi and Jan Dirk Jansen},
  title     = {Multiscale gradient computation for flow in heterogeneous porous media},
  journal   = {Journal of Computational Physics},
  year      = {2017},
  volume    = {336},
  pages     = {644--663},
  month     = {may},
  doi       = {10.1016/j.jcp.2017.02.024},
  file      = {:documentos/moraes2017.pdf:PDF},
  publisher = {Elsevier {BV}},
  url       = {https://doi.org/10.1016%2Fj.jcp.2017.02.024},
}

@Article{Lunati_2008,
  author    = {Ivan Lunati and Patrick Jenny},
  title     = {Multiscale finite-volume method for density-driven flow in porous media},
  journal   = {Computational Geosciences},
  year      = {2008},
  volume    = {12},
  number    = {3},
  pages     = {337--350},
  month     = {jan},
  doi       = {10.1007/s10596-007-9071-9},
  file      = {:documentos/lunati2008.pdf:PDF},
  publisher = {Springer Science and Business Media {LLC}},
  url       = {https://doi.org/10.1007%2Fs10596-007-9071-9},
}

@MastersThesis{Wang_2012,
  author = {Yixuan Wang},
  title  = {Algebraic Multiscale Linear Solver for Heterogeneous Elliptic Problems},
  school = {Stanford University},
  year   = {2012},
  file   = {:documentos/wang_m.pdf:PDF},
}

@InProceedings{Cicero_2019,
  author    = {José Cícero Araujo Santos and João Paulo Rodrigues Andrade and Morais Filho, Ricardo Jorge and Darlan Karlo Elisiário Carvalho and Paulo Roberto Maciel Lyra},
  title     = {An algebraically dynamic multilevel ({ADM}) multiscale method for the simulation of single-phase flows through highly heterogeneous porous media},
  booktitle = {Proceedings of the XL Ibero-Latin-American Congress on Computational Methods in Engineering},
  year      = {2019},
  month     = {nov},
  file      = {:documentos/Full_paper_cicero_ricardo_Paulo_Darlan_v05_submetido_2.pdf:PDF},
}

@MastersThesis{Cicero_2019_tese,
  author  = {José Cícero Araujo Santos},
  title   = {Um Método Multiescala e Multinível algébrico dinâmico (ADM) para Simulação Tridimensional de Escoamentos Água-Óleo em Reservatórios de Petróleo muito Heterogêneos},
  school  = {Universidade Federal de Pernambuco},
  year    = {2019},
  address = {Recife},
  file    = {:documentos/Dissertação_José_cícero_V05_final_ABNT.pdf:PDF},
}

@MastersThesis{Gielisse_2015,
  author = {R. A. M. Gielisse},
  title  = {Dynamic Local Grid Refinement for Incomplete Mixing in Reservoir Simulation},
  school = {Delft University of Technology},
  year   = {2015},
  file   = {:documentos/DLGR.pdf:PDF},
}

@Article{Starnoni_2019,
  author    = {M. Starnoni and I. Berre and E. Keilegavlen and J.M. Nordbotten},
  title     = {CONSISTENT MPFA DISCRETIZATION FOR FLOW IN THE PRESENCE OF GRAVITY},
  journal   = {Water Resources Research},
  year      = {2019},
  volume    = {55},
  number    = {12},
  pages     = {10105--10118},
  month     = dec,
  doi       = {10.1029/2019WR025384},
  file      = {:documentos/Keilegaven.pdf:PDF},
  groups    = {MPFA},
  publisher = {American Geophysical Union ({AGU})},
  url       = {https://doi.org/10.1029%2F2019wr025384},
}

@MastersThesis{Fanxiang_mast_2018,
  author = {Fanxiang Xu},
  title  = {A Local Time-Stepping Method for Multiphase Flow in Porous Media},
  school = {Delft University of Technology},
  year   = {2018},
  type   = {mathesis},
  month  = jul,
  file   = {:documentos/Fanxiang_Xu_Master_Thesis_Report.pdf:PDF},
}

@Article{Lunati_2011,
  author    = {Ivan Lunati and Manav Tyagi and Seong H. Lee},
  title     = {An iterative multiscale finite volume algorithm converging to the exact solution},
  journal   = {Journal of Computational Physics},
  year      = {2011},
  volume    = {230},
  number    = {5},
  pages     = {1849--1864},
  month     = {mar},
  doi       = {10.1016/j.jcp.2010.11.036},
  file      = {:documentos/2011-JCP.pdf:PDF},
  publisher = {Elsevier {BV}},
  url       = {https://doi.org/10.1016%2Fj.jcp.2010.11.036},
}

@Article{Mehrdoost_2019,
  author    = {Zahra Mehrdoost},
  title     = {Unstructured grid adaptation for multiscale finite volume method},
  journal   = {Computational Geosciences},
  year      = {2019},
  volume    = {23},
  number    = {6},
  pages     = {1293--1316},
  month     = {oct},
  doi       = {10.1007/s10596-019-09878-9},
  file      = {:documentos/adaptative_coarse_and_dual_grids_for_multiscale.pdf:PDF},
  publisher = {Springer Science and Business Media {LLC}},
  url       = {https://doi.org/10.1007%2Fs10596-019-09878-9},
}

@Article{Lunati_2009,
  author    = {Ivan Lunati and Seong H. Lee},
  title     = {An Operator Formulation of the Multiscale Finite-Volume Method with Correction Function},
  journal   = {Multiscale Modeling {\&} Simulation},
  year      = {2009},
  volume    = {8},
  number    = {1},
  pages     = {96--109},
  month     = {jan},
  doi       = {10.1137/080742117},
  file      = {:documentos/An_Operator_Formulation_of_the_Multiscale_Finite-V.pdf:PDF},
  publisher = {Society for Industrial {\&} Applied Mathematics ({SIAM})},
}

@Article{Kunze_2012,
  author    = {Rouven Künze and Ivan Lunati},
  title     = {An adaptive multiscale method for density-driven instabilities},
  journal   = {Journal of Computational Physics},
  year      = {2012},
  volume    = {231},
  number    = {17},
  pages     = {5557--5570},
  month     = {jul},
  doi       = {10.1016/j.jcp.2012.02.025},
  file      = {:documentos/desity_driven_multiscale_kunze.pdf:PDF},
  publisher = {Elsevier {BV}},
  url       = {https://doi.org/10.1016%2Fj.jcp.2012.02.025},
}

@PhdThesis{Cortinovis_phd_2016,
  author = {Davide Cortinovis},
  title  = {Robust multiscale finite volume method based iterative schemes},
  school = {ETH Zurich},
  year   = {2016},
  file   = {:documentos/eth-49650-02.pdf:PDF},
}

@Article{Lie_2017,
  author    = {Knut-Andreas Lie and Olav M{\o}yner and Jostein R. Natvig},
  title     = {Use of Multiple Multiscale Operators To Accelerate Simulation of Complex Geomodels},
  journal   = {{SPE} Journal},
  year      = {2017},
  volume    = {22},
  number    = {06},
  pages     = {1929--1945},
  month     = {dec},
  doi       = {10.2118/182701-pa},
  file      = {:documentos/multiple_multiscale_operators.pdf:PDF},
  publisher = {Society of Petroleum Engineers ({SPE})},
  url       = {https://doi.org/10.2118%2F182701-pa},
}

@Article{Delpopolo_Carciopolo_2020,
  author    = {Ludovica Delpopolo Carciopolo and Luca Formaggia and Anna Scotti and Hadi Hajibeygi},
  title     = {Conservative multirate multiscale simulation of multiphase flow in heterogeneous porous media},
  journal   = {Journal of Computational Physics},
  year      = {2020},
  volume    = {404},
  pages     = {109134},
  month     = {mar},
  doi       = {10.1016/j.jcp.2019.109134},
  file      = {:documentos/mutirate_multiscale_finite_volume_method.pdf:PDF},
  publisher = {Elsevier {BV}},
  url       = {https://doi.org/10.1016%2Fj.jcp.2019.109134},
}

@PhdThesis{Moncorge_phd_2018,
  author = {Arthur Moncorgé},
  title  = {Sequential Fully Implicit Methods for Multiscale Modeling of Compositional Flows},
  school = {ETH Zurich},
  year   = {2018},
  file   = {:documentos/PhD_thesis_MONCORGE.pdf:PDF},
}

@Article{Hajibeygi_2020,
  author    = {Hadi Hajibeygi and Manuela Bastidas Olivares and Mousa HosseiniMehr and Sorin Pop and Mary Wheeler},
  title     = {A benchmark study of the multiscale and homogenization methods for fully implicit multiphase flow simulations},
  journal   = {Advances in Water Resources},
  year      = {2020},
  volume    = {143},
  pages     = {103674},
  month     = {sep},
  doi       = {10.1016/j.advwatres.2020.103674},
  file      = {:documentos/1-s2.0-S0309170819309601-main.pdf:PDF},
  groups    = {Multiscale benchmark},
  publisher = {Elsevier {BV}},
  url       = {https://doi.org/10.1016%2Fj.advwatres.2020.103674},
}

@Article{Linga_2020,
  author    = {Gaute Linga and Olav M{\o}yner and Halvor M{\o}ll Nilsen and Arthur Moncorg{\'{e}} and Knut-Andreas Lie},
  title     = {An implicit local time-stepping method based on cell reordering for multiphase flow in porous media},
  journal   = {Journal of Computational Physics: X},
  year      = {2020},
  volume    = {6},
  pages     = {100051},
  month     = {mar},
  doi       = {10.1016/j.jcpx.2020.100051},
  file      = {:documentos/linga2020.pdf:PDF},
  publisher = {Elsevier {BV}},
  url       = {https://doi.org/10.1016%2Fj.jcpx.2020.100051},
}

@Article{Yang_2019,
  author    = {Di Yang and Zhiming Gao},
  title     = {A linearity-preserving vertex interpolation algorithm for cell-centered finite volume approximations of anisotropic diffusion problems},
  journal   = {International Journal of Numerical Methods for Heat {\&} Fluid Flow},
  year      = {2019},
  volume    = {30},
  number    = {3},
  pages     = {1167--1188},
  month     = {sep},
  doi       = {10.1108/hff-04-2019-0354},
  file      = {:documentos/hff-04-2019-0354.pdf:PDF},
  groups    = {MPFA},
  publisher = {Emerald},
  url       = {https://doi.org/10.1108%2Fhff-04-2019-0354},
}

@Article{Gao_2010,
  author    = {Zhiming Gao and Jiming Wu},
  title     = {A linearity-preserving cell-centered scheme for the heterogeneous and anisotropic diffusion equations on general meshes},
  journal   = {International Journal for Numerical Methods in Fluids},
  year      = {2010},
  volume    = {67},
  number    = {12},
  pages     = {2157--2183},
  month     = {dec},
  doi       = {10.1002/fld.2496},
  file      = {:documentos/gao2010.pdf:PDF},
  groups    = {MPFA},
  publisher = {Wiley},
  url       = {https://doi.org/10.1002%2Ffld.2496},
}

@Article{Galindez_Ramirez_2020,
  author    = {G. Galindez-Ramirez and F.R.L. Contreras and D.K.E. Carvalho and P.R.M. Lyra},
  title     = {Numerical simulation of two-phase flows in 2-D petroleum reservoirs using a very high-order {CPR} method coupled to the {MPFA}-D finite volume scheme},
  journal   = {Journal of Petroleum Science and Engineering},
  year      = {2020},
  volume    = {192},
  pages     = {107220},
  month     = {sep},
  doi       = {10.1016/j.petrol.2020.107220},
  file      = {:documentos/galindez-ramirez2020.pdf:PDF},
  groups    = {MPFA},
  publisher = {Elsevier {BV}},
  url       = {https://doi.org/10.1016%2Fj.petrol.2020.107220},
}

@Article{Aavatsmark_2008,
  author    = {I. Aavatsmark and G.T. Eigestad and B.T. Mallison and J.M. Nordbotten},
  title     = {A compact multipoint flux approximation method with improved robustness},
  journal   = {Numerical Methods for Partial Differential Equations},
  year      = {2008},
  volume    = {24},
  number    = {5},
  pages     = {1329--1360},
  month     = {sep},
  doi       = {10.1002/num.20320},
  file      = {:documentos/aavatsmark2008.pdf:PDF},
  publisher = {Wiley},
  url       = {https://doi.org/10.1002%2Fnum.20320},
}

@Article{Aavatsmark_2002,
  author    = {Ivar Aavatsmark},
  title     = {An introduction to multipoint flux approximations for quadrilateral grids},
  journal   = {Computational Geosciences},
  year      = {2002},
  volume    = {6},
  number    = {3/4},
  pages     = {405--432},
  doi       = {10.1023/a:1021291114475},
  file      = {:documentos/aavatsmark2002.pdf:PDF},
  publisher = {Springer Science and Business Media {LLC}},
  url       = {https://doi.org/10.1023%2Fa%3A1021291114475},
}

@Article{Ench_ry_2002,
  author    = {G. Ench{\'{e}}ry and R. Masson and S. Wolf and R. Eymard},
  title     = {Mathematical and Numerical Study of an Industrial Scheme for Two-phase Flows in Porous Media under Gravity},
  journal   = {Computational Methods in Applied Mathematics},
  year      = {2002},
  volume    = {2},
  number    = {4},
  pages     = {325--353},
  doi       = {10.2478/cmam-2002-0019},
  file      = {:documentos/[16099389 - Computational Methods in Applied Mathematics] Mathematical and Numerical Study of an Industrial Scheme for Two-phase Flows in Porous Media under Gravity.pdf:PDF},
  publisher = {Walter de Gruyter {GmbH}},
  url       = {https://doi.org/10.2478%2Fcmam-2002-0019},
}

@PhdThesis{Haji_phd_2011,
  author = {Hadi Hajibeygi},
  title  = {Iterative multiscale finite volume method for multiphase flow in porous media with complex physics},
  school = {ETH Zurich},
  year   = {2011},
  file   = {:documentos/eth-4702-02.pdf:PDF},
}

@Article{Delpopolo_Carciopolo_2020_2,
  author    = {Ludovica Delpopolo Carciopolo and Matteo Cusini and Luca Formaggia and Hadi Hajibeygi},
  title     = {Adaptive multilevel space-time-stepping scheme for transport in heterogeneous porous media ({ADM}-{LTS})},
  journal   = {Journal of Computational Physics: X},
  year      = {2020},
  volume    = {6},
  pages     = {100052},
  month     = {mar},
  doi       = {10.1016/j.jcpx.2020.100052},
  file      = {:documentos/adaptive_adm_lts.pdf:PDF;:documentos/paper_ADM_Time_Sep_muito_interessante.pdf:PDF},
  publisher = {Elsevier {BV}},
  url       = {https://doi.org/10.1016%2Fj.jcpx.2020.100052},
}

@Article{Rocha_2020,
  author    = {Franciane F. Rocha and Fabricio S. Sousa and Roberto F. Ausas and Gustavo C. Buscaglia and Felipe Pereira},
  title     = {Multiscale mixed methods for two-phase flows in high-contrast porous media},
  journal   = {Journal of Computational Physics},
  year      = {2020},
  volume    = {409},
  pages     = {109316},
  month     = {may},
  doi       = {10.1016/j.jcp.2020.109316},
  file      = {:documentos/10.1016@j.jcp.2020.109316_pereira_LF.pdf:PDF},
  publisher = {Elsevier {BV}},
  url       = {https://doi.org/10.1016%2Fj.jcp.2020.109316},
}

@Article{Moncorge_2018,
  author    = {A. Moncorg{\'{e}} and H.A. Tchelepi and P. Jenny},
  title     = {Sequential fully implicit formulation for compositional simulation using natural variables},
  journal   = {Journal of Computational Physics},
  year      = {2018},
  volume    = {371},
  pages     = {690--711},
  month     = {oct},
  doi       = {10.1016/j.jcp.2018.05.048},
  file      = {:documentos/compsfi_paper_r1 (1).pdf:PDF},
  publisher = {Elsevier {BV}},
}

@Article{Moyner_2016,
  author    = {Olav M{\o}yner and Knut-Andreas Lie},
  title     = {A multiscale restriction-smoothed basis method for high contrast porous media represented on unstructured grids},
  journal   = {Journal of Computational Physics},
  year      = {2016},
  volume    = {304},
  pages     = {46--71},
  month     = {jan},
  doi       = {10.1016/j.jcp.2015.10.010},
  file      = {:documentos/10.1016@j.jcp.2015.10.010.pdf:PDF},
  publisher = {Elsevier {BV}},
  url       = {https://doi.org/10.1016%2Fj.jcp.2015.10.010},
}

@Article{Moyner_2018,
  author    = {Olav M{\o}yner and Hamdi A. Tchelepi},
  title     = {A Mass-Conservative Sequential Implicit Multiscale Method for Isothermal Equation-of-State Compositional Problems},
  journal   = {{SPE} Journal},
  year      = {2018},
  volume    = {23},
  number    = {06},
  pages     = {2376--2393},
  month     = {dec},
  doi       = {10.2118/182679-pa},
  file      = {:documentos/10.2118@182679-PA.pdf:PDF},
  publisher = {Society of Petroleum Engineers ({SPE})},
  url       = {https://doi.org/10.2118%2F182679-pa},
}

@Book{Chierici_1994,
  title     = {Principles of Petroleum Reservoir Engineering},
  publisher = {Springer Berlin Heidelberg},
  year      = {1994},
  author    = {Gian Luigi Chierici},
  volume    = {1},
  doi       = {10.1007/978-3-662-02964-0},
  file      = {:documentos/Principles of Petroleum Reservoir Engineering Vol 1.pdf:PDF},
  url       = {https://doi.org/10.1007%2F978-3-662-02964-0},
}

@Book{Chierici_1995,
  title     = {Principles of Petroleum Reservoir Engineering},
  publisher = {Springer Berlin Heidelberg},
  year      = {1995},
  author    = {Gian Luigi Chierici},
  volume    = {2},
  doi       = {10.1007/978-3-642-78243-5},
  file      = {:documentos/Principles of Petroleum Reservoir Engineering Vol 2.pdf:PDF},
  url       = {https://doi.org/10.1007%2F978-3-642-78243-5},
}

@InProceedings{Ricardo_2019,
  author    = {Ricardo J. M. Lira Filho and Sidcley R. dos Santos and Túlio de M. Cavalcante and Fernando R. L. Contreras and Paulo R. M. Lyra and Darlan K. E. Carvalho},
  title     = {A NON-ORTHODOX MULTIPOINT FLUX APPROXIMATION SCHEME WITH A DIAMOND STENCIL (MPFA-D) FOR THE SIMULATION OF HIGHLY HETEROGENEOUS AND ANISOTROPIC DIFFUSION PROBLEMS IN 3-D USING TETRAHEDRAL MESHES},
  booktitle = {\emph{Proceedings of the XL Ibero-Latin-American Congress on Computational Methods in Engineering, ABMEC.}},
  year      = {2019},
  address   = {Natal/RN, Brazil},
  month     = nov,
  file      = {:documentos/cilamce_ricardo_2020.pdf:PDF},
  groups    = {MPFA},
}

@Article{Zhang_2017,
  author    = {Wenjuan Zhang and Mohammed Al Kobaisi},
  title     = {A simplified enhanced {MPFA} formulation for the elliptic equation on general grids},
  journal   = {Computational Geosciences},
  year      = {2017},
  volume    = {21},
  number    = {4},
  pages     = {621--643},
  month     = {mar},
  doi       = {10.1007/s10596-017-9638-z},
  file      = {:documentos/zhang2017.pdf:PDF},
  groups    = {MPFA},
  publisher = {Springer Science and Business Media {LLC}},
  url       = {https://doi.org/10.1007%2Fs10596-017-9638-z},
}

@MastersThesis{Romalino_1996,
  author = {Adalberto Romalino da Cunha},
  title  = {UMA METODOLOGIA PARA SIMULAÇÃO NUMÉRICA TRIDIMENSIONAL DE RESERVATÓRIOS DE PETRÓLEO UTILIZANDO MODELO BLACK-OIL E FORMULAÇÃO EM FRAÇÕES MÁSSICAS},
  school = {Universidade Federal de Santa Catarina},
  year   = {1996},
  file   = {:documentos/black_oil.pdf:PDF},
}

@Article{Moncorge_2019,
  author    = {A. Moncorg{\'{e}} and O. M{\o}yner and H. A. Tchelepi and P. Jenny},
  title     = {Consistent upwinding for sequential fully implicit multiscale compositional simulation},
  journal   = {Computational Geosciences},
  year      = {2019},
  volume    = {24},
  number    = {2},
  pages     = {533--550},
  month     = {jun},
  doi       = {10.1007/s10596-019-09835-6},
  file      = {:documentos/consistent_upwinding_multiscale.pdf:PDF},
  publisher = {Springer Science and Business Media {LLC}},
  url       = {https://doi.org/10.1007%2Fs10596-019-09835-6},
}

@Article{Jiang_2017,
  author    = {Jiamin Jiang and Rami M. Younis},
  title     = {Efficient C1-continuous phase-potential upwind (C1-{PPU}) schemes for coupled multiphase flow and transport with gravity},
  journal   = {Advances in Water Resources},
  year      = {2017},
  volume    = {108},
  pages     = {184--204},
  month     = {oct},
  doi       = {10.1016/j.advwatres.2017.07.028},
  file      = {:documentos/jiang2017.pdf:PDF},
  publisher = {Elsevier {BV}},
  url       = {https://doi.org/10.1016%2Fj.advwatres.2017.07.028},
}

@Article{Lee_2015,
  author    = {S.H. Lee and Y. Efendiev and H.A. Tchelepi},
  title     = {Hybrid upwind discretization of nonlinear two-phase flow with gravity},
  journal   = {Advances in Water Resources},
  year      = {2015},
  volume    = {82},
  pages     = {27--38},
  month     = {aug},
  doi       = {10.1016/j.advwatres.2015.04.007},
  file      = {:documentos/lee2015.pdf:PDF},
  publisher = {Elsevier {BV}},
  url       = {https://doi.org/10.1016%2Fj.advwatres.2015.04.007},
}

@Article{Klemetsdal_2020,
  author    = {{\O}ystein S. Klemetsdal and Knut-Andreas Lie},
  title     = {Dynamic Coarsening and Local Reordered Nonlinear Solvers for Simulating Transport in Porous Media},
  journal   = {{SPE} Journal},
  year      = {2020},
  volume    = {25},
  number    = {04},
  pages     = {2021--2040},
  month     = {aug},
  doi       = {10.2118/201089-pa},
  file      = {:documentos/10.2118@201089-pa_Adaptativo.pdf:PDF},
  publisher = {Society of Petroleum Engineers ({SPE})},
  url       = {https://doi.org/10.2118%2F201089-pa},
}

@Article{Klemetsdal_2019,
  author    = {{\O}ystein S. Klemetsdal and Olav M{\o}yner and Knut-Andreas Lie},
  title     = {Accelerating multiscale simulation of complex geomodels by use of dynamically adapted basis functions},
  journal   = {Computational Geosciences},
  year      = {2019},
  volume    = {24},
  number    = {2},
  pages     = {459--476},
  month     = {jun},
  doi       = {10.1007/s10596-019-9827-z},
  file      = {:documentos/Accelerating_Multiscale_Simulation_of_Complex_Geom.pdf:PDF},
  publisher = {Springer Science and Business Media {LLC}},
  url       = {https://doi.org/10.1007%2Fs10596-019-9827-z},
}

@Article{Lee_2020,
  author    = {S.H. Lee and M. {\c{T}}ene and S. Du and X. Wen and Y. Efendiev},
  title     = {A conservative sequential fully implicit method for compositional reservoir simulation},
  journal   = {Journal of Computational Physics},
  year      = {2020},
  pages     = {109961},
  month     = {nov},
  doi       = {10.1016/j.jcp.2020.109961},
  file      = {:documentos/Composicional_Conservative_Sequencial_Fully_IMplicit.pdf:PDF},
  publisher = {Elsevier {BV}},
  url       = {https://doi.org/10.1016%2Fj.jcp.2020.109961},
}

@Article{Zhang_2019,
  author    = {Shengsheng Zhang and Zhifeng Liu and Anfeng Shi and Xiaohong Wang},
  title     = {Development of accurate well models for numerical reservoir simulation},
  journal   = {Advances in Geo-Energy Research},
  year      = {2019},
  volume    = {3},
  number    = {3},
  pages     = {250--257},
  month     = {jun},
  doi       = {10.26804/ager.2019.03.03},
  file      = {:documentos/136-812-1-PB.pdf:PDF},
  publisher = {Yandy Scientific Press},
  url       = {https://doi.org/10.26804%2Fager.2019.03.03},
}

@Article{Koch_2020,
  author    = {Timo Koch and Rainer Helmig and Martin Schneider},
  title     = {{WITHDRAWN}: A new and consistent well model for one-phase flow in anisotropic porous media using a distributed source model},
  journal   = {Journal of Computational Physics: X},
  year      = {2020},
  pages     = {100049},
  month     = {feb},
  doi       = {10.1016/j.jcpx.2020.100049},
  file      = {:documentos/A_new_and_consistent_well_model_for_one-phase_flow.pdf:PDF},
  publisher = {Elsevier {BV}},
  url       = {https://doi.org/10.1016%2Fj.jcpx.2020.100049},
}

@Article{Souza_2020,
  author    = {Artur Castiel Reis de Souza and Lorena Monteiro Cavalcanti Barbosa and Fernando Raul Licapa Contreras and Paulo Roberto Maciel Lyra and Darlan Karlo Elisi{\'{a}}rio de Carvalho},
  title     = {A Multiscale Control Volume framework using the Multiscale Restriction Smooth Basis and a non-orthodox Multi-Point Flux Approximation for the simulation of two-phase flows on truly unstructured grids},
  journal   = {Journal of Petroleum Science and Engineering},
  year      = {2020},
  volume    = {188},
  pages     = {106851},
  month     = {may},
  doi       = {10.1016/j.petrol.2019.106851},
  file      = {:documentos/paper_arthur.pdf:PDF},
  publisher = {Elsevier {BV}},
  url       = {https://doi.org/10.1016%2Fj.petrol.2019.106851},
}

@PhdThesis{Christensen_2016,
  author  = {Max la Cour Christensen},
  title   = {Multilevel techniques for Reservoir Simulation},
  school  = {Technical University of Denmark},
  year    = {2016},
  address = {Kongens Lyngby},
  file    = {:documentos/phd430_Christensen_MlC.pdf:PDF},
}

@Article{Mazlumi_2021,
  author    = {Fatemeh Mazlumi and Mehdi Mosharaf-Dehkordi and Morteza Dejam},
  title     = {Simulation of two-phase incompressible fluid flow in highly heterogeneous porous media by considering localization assumption in multiscale finite volume method},
  journal   = {Applied Mathematics and Computation},
  year      = {2021},
  volume    = {390},
  pages     = {125649},
  month     = {feb},
  doi       = {10.1016/j.amc.2020.125649},
  file      = {:documentos/bcs_multiscale_reservoir_simulation.pdf:PDF},
  publisher = {Elsevier {BV}},
  url       = {https://doi.org/10.1016%2Fj.amc.2020.125649},
}

@MastersThesis{Soprano_2013,
  author  = {Arthur Besen Soprano},
  title   = {ESTUDO E IMPLEMENTAÇÃO DE UM MODELO COMPOSICIONAL PARA A SIMULAÇÃO DE RESERVATÓRIOS DE PETRÓLEO},
  school  = {UNIVERSIDADE FEDERAL DE SANTA CATARINA},
  year    = {2013},
  type    = {mathesis},
  address = {Florianópolis},
  file    = {:documentos/SopranoDissertacao_color.pdf:PDF},
}

@Article{Aavatsmark_2003,
  author    = {I. Aavatsmark and R.A. Klausen},
  title     = {Well Index in Reservoir Simulation for Slanted and Slightly Curved Wells in 3D Grids},
  journal   = {{SPE} Journal},
  year      = {2003},
  volume    = {8},
  number    = {01},
  pages     = {41--48},
  month     = {mar},
  doi       = {10.2118/75275-pa},
  file      = {:documentos/aav_well_2.pdf:PDF},
  publisher = {Society of Petroleum Engineers ({SPE})},
  url       = {https://doi.org/10.2118%2F75275-pa},
}

@Article{Cusini_2018,
  author    = {Matteo Cusini and Barnaby Fryer and Cor van Kruijsdijk and Hadi Hajibeygi},
  title     = {Algebraic dynamic multilevel method for compositional flow in heterogeneous porous media},
  journal   = {Journal of Computational Physics},
  year      = {2018},
  volume    = {354},
  pages     = {593--612},
  month     = {feb},
  doi       = {10.1016/j.jcp.2017.10.052},
  file      = {:documentos/cusini2017_comp.pdf:PDF},
  publisher = {Elsevier {BV}},
}

@PhdThesis{Cusini_2019,
  author = {Matteo Cusini},
  title  = {Dynamic Multilevel Methods for Simulation of Multiphase Flow in Heterogeneous Porous Media},
  school = {Delft University of Technology},
  year   = {2019},
  doi    = {10.4233/uuid:c624cd58-25e0-4bf9-bf36-025e08c46169},
  file   = {:documentos/MCusiniPhDThesis.pdf:PDF},
}

@PhdThesis{Tene_2018,
  author = {Matei {\c{T}}ene},
  title  = {Algebraic Multiscale Framework for Fractured Reservoir Simulation},
  school = {Delft University of Technology},
  year   = {2018},
  doi    = {10.4233/uuid:0ce45ddb-4932-4808-aa92-bd13deb85fa9},
  file   = {:documentos/Matei_Tene_PhD_thesis.pdf:PDF},
}

@InProceedings{Cusini2_2016,
  author    = {Matteo Cusini and van Kruijsdijjk, Cor and Hadi Hajibeygi},
  title     = {Algebraic Dynamic Multilevel (ADM) Method for Immiscible Multiphase Flow in Heterogeneous Porous Media with Capillarity.},
  booktitle = {29 August, 1 September 2016},
  year      = {2016},
  pages     = {1-11},
  address   = {Amsterdam, Netherlands},
  publisher = {15 th European Conference on the Mathematics of Oil Recovery},
  file      = {:documentos/EcmorXV_ADM.pdf:PDF},
}

@InProceedings{Cusini_2017,
  author    = {M.. Cusini and B.. Fryer and C. P. Kruijsdijk and H.. Hajibeygi},
  title     = {Algebraic Dynamic Multilevel Method for Compositional Simulations},
  booktitle = {Day 2 Tue, February 21, 2017},
  year      = {2017},
  month     = {feb},
  publisher = {{SPE}},
  doi       = {10.2118/182644-ms},
  file      = {:documentos/cusini2017_spe.pdf:PDF},
  url       = {https://doi.org/10.2118%2F182644-ms},
}

@Article{Tene_2016,
  author    = {Matei {\c{T}}ene and Mohammed Saad Al Kobaisi and Hadi Hajibeygi},
  title     = {Algebraic multiscale method for flow in heterogeneous porous media with embedded discrete fractures (F-{AMS})},
  journal   = {Journal of Computational Physics},
  year      = {2016},
  volume    = {321},
  pages     = {819--845},
  month     = {sep},
  doi       = {10.1016/j.jcp.2016.06.012},
  file      = {:documentos/tene_2016.pdf:PDF},
  publisher = {Elsevier {BV}},
  url       = {https://doi.org/10.1016%2Fj.jcp.2016.06.012},
}

@PhdThesis{Moraes_2018,
  author    = {Rafael J. de Moraes},
  title     = {Multiscale Analytical Derivative Formulations for Improved Reservoir Management},
  school    = {Delft University of Technology},
  year      = {2018},
  doi       = {10.4233/UUID:31B1847E-E32C-482E-9E8F-286DE866E751},
  file      = {:documentos/Moraes_PhD_Thesis_Propositions_TU_Delft_2018.pdf:PDF},
  publisher = {Delft University of Technology},
  url       = {http://resolver.tudelft.nl/uuid:31b1847e-e32c-482e-9e8f-286de866e751},
}

@PhdThesis{Manea_2015,
  author = {Abdulrahman M. Manea},
  title  = {PARALLEL MULTIGRID AND MULTISCALE FLOW SOLVERS FOR HIGH-PERFORMANCE-COMPUTING ARCHITECTURES},
  school = {Stanford University},
  year   = {2015},
  file   = {:documentos/Manea2016.pdf:PDF},
}

@MastersThesis{Sokolova_2018,
  author = {Irina Sokolova},
  title  = {MultiScale finite volume method for finite-volume based poromechanics simulations},
  school = {Delft University of Technology},
  year   = {2018},
  file   = {:documentos/MScThesis_Irina_Sokolova.pdf:PDF},
}

@MastersThesis{Arbarim_2018,
  author = {Rhadityo Arbarim},
  title  = {Algebraic Dynamic Multilevel Simulation of Coupled Flow and Heat Transfer in Heterogeneous Geothermal Reservoirs with Fluid-Rock Non-Thermal Equilibrium Effects},
  school = {Delft University of Technology},
  year   = {2018},
  file   = {:documentos/Thesis_RB_Arbarim_4573900.pdf:PDF},
}

@InProceedings{HosseiniMehr_2019,
  author    = {Mousa HosseiniMehr and Rhadityo Arbarim and Matteo Cusini and Cornelis Vuik and Hadi Hajibeygi},
  title     = {Algebraic Dynamic Multilevel Method for Fractured Geothermal Reservoir Simulation},
  booktitle = {Day 1 Wed, April 10, 2019},
  year      = {2019},
  month     = {mar},
  publisher = {{SPE}},
  doi       = {10.2118/193894-ms},
  file      = {:documentos/SPE_193894_MS.pdf:PDF},
  url       = {https://doi.org/10.2118%2F193894-ms},
}

@MastersThesis{Rijntes_2018,
  author = {Jeroen Rijntjes},
  title  = {A Dynamic Multilevel Multiscale Framework for Accurate and Efficient Simulation of CO2-Brine Multiphase Flow in Heterogeneous Porous Media},
  school = {Delft University of Technology},
  year   = {2018},
  file   = {:documentos/Thesis_J_C_Rijntjes.pdf:PDF},
  url    = {http://resolver.tudelft.nl/uuid:7108bd2b-80de-4884-b90c-6239e27b3214},
}

@MastersThesis{Mansur_2018,
  author = {Gabriella Morito Mansur},
  title  = {Flow in Fractured Media: a Darcy-Stokes-Brinkman Modelling Approach},
  school = {Delft University of Technology},
  year   = {2018},
  file   = {:documentos/MSc._Thesis_G_Mansur.pdf:PDF},
  url    = {http://resolver.tudelft.nl/uuid:141b27d5-46a2-4e92-9b28-5620298ccd78},
}

@Article{Vasilyeva_2019,
  author    = {Maria Vasilyeva and Masoud Babaei and Eric T. Chung and Denis Spiridonov},
  title     = {Multiscale modeling of heat and mass transfer in fractured media for enhanced geothermal systems applications},
  journal   = {Applied Mathematical Modelling},
  year      = {2019},
  volume    = {67},
  pages     = {159--178},
  month     = {mar},
  doi       = {10.1016/j.apm.2018.10.025},
  file      = {:documentos/vasilyeva2019.pdf:PDF},
  publisher = {Elsevier {BV}},
  url       = {https://doi.org/10.1016%2Fj.apm.2018.10.025},
}

@Article{Shah_2016,
  author    = {Swej Shah and Olav M{\o}yner and Matei Tene and Knut-Andreas Lie and Hadi Hajibeygi},
  title     = {The multiscale restriction smoothed basis method for fractured porous media (F-{MsRSB})},
  journal   = {Journal of Computational Physics},
  year      = {2016},
  volume    = {318},
  pages     = {36--57},
  month     = {aug},
  doi       = {10.1016/j.jcp.2016.05.001},
  file      = {:documentos/shah2016.pdf:PDF},
  publisher = {Elsevier {BV}},
  url       = {https://doi.org/10.1016%2Fj.jcp.2016.05.001},
}

@Article{Praditia_2018,
  author    = {Timothy Praditia and Rainer Helmig and Hadi Hajibeygi},
  title     = {Multiscale formulation for coupled flow-heat equations arising from single-phase flow in fractured geothermal reservoirs},
  journal   = {Computational Geosciences},
  year      = {2018},
  volume    = {22},
  number    = {5},
  pages     = {1305--1322},
  month     = {jun},
  doi       = {10.1007/s10596-018-9754-4},
  file      = {:documentos/Praditia_2018.pdf:PDF},
  publisher = {Springer Science and Business Media {LLC}},
  url       = {https://doi.org/10.1007%2Fs10596-018-9754-4},
}

@Article{de_Moraes_2019,
  author    = {Rafael J. de Moraes and Wessel de Zeeuw and Jos{\'{e}} Roberto P. Rodrigues and Hadi Hajibeygi and Jan Dirk Jansen},
  title     = {Iterative multiscale gradient computation for heterogeneous subsurface flow},
  journal   = {Advances in Water Resources},
  year      = {2019},
  volume    = {129},
  pages     = {210--221},
  month     = {jul},
  doi       = {10.1016/j.advwatres.2019.05.016},
  file      = {:documentos/de_Moraes_2019.pdf:PDF},
  publisher = {Elsevier {BV}},
  url       = {https://doi.org/10.1016%2Fj.advwatres.2019.05.016},
}

@Article{de_Moraes2_2019,
  author    = {Rafael J. de Moraes and Rahul-Mark Fonseca and Mircea A. Helici and Arnold W. Heemink and Jan Dirk Jansen},
  title     = {An Efficient Robust Optimization Workflow using Multiscale Simulation and Stochastic Gradients},
  journal   = {Journal of Petroleum Science and Engineering},
  year      = {2019},
  volume    = {172},
  pages     = {247--258},
  month     = {jan},
  doi       = {10.1016/j.petrol.2018.09.047},
  file      = {:documentos/de_Moraes2_2019.pdf:PDF},
  publisher = {Elsevier {BV}},
  url       = {https://doi.org/10.1016%2Fj.petrol.2018.09.047},
}

@Article{HosseiniMehr_2020,
  author    = {Mousa HosseiniMehr and Cornelis Vuik and Hadi Hajibeygi},
  title     = {Adaptive dynamic multilevel simulation of fractured geothermal reservoirs},
  journal   = {Journal of Computational Physics: X},
  year      = {2020},
  volume    = {7},
  pages     = {100061},
  month     = {jun},
  doi       = {10.1016/j.jcpx.2020.100061},
  file      = {:documentos/Mousa_2020.pdf:PDF},
  publisher = {Elsevier {BV}},
  url       = {https://doi.org/10.1016%2Fj.jcpx.2020.100061},
}

@Article{HosseiniMehr_2018,
  author    = {Mousa HosseiniMehr and Matteo Cusini and Cornelis Vuik and Hadi Hajibeygi},
  title     = {Algebraic dynamic multilevel method for embedded discrete fracture model (F-{ADM})},
  journal   = {Journal of Computational Physics},
  year      = {2018},
  volume    = {373},
  pages     = {324--345},
  month     = {nov},
  doi       = {10.1016/j.jcp.2018.06.075},
  file      = {:documentos/hosseinimehr2018.pdf:PDF},
  publisher = {Elsevier {BV}},
  url       = {https://doi.org/10.1016%2Fj.jcp.2018.06.075},
}

@Article{Cusini_2015,
  author    = {Matteo Cusini and Alexander A. Lukyanov and Jostein Natvig and Hadi Hajibeygi},
  title     = {Constrained pressure residual multiscale ({CPR}-{MS}) method for fully implicit simulation of multiphase flow in porous media},
  journal   = {Journal of Computational Physics},
  year      = {2015},
  volume    = {299},
  pages     = {472--486},
  month     = {oct},
  doi       = {10.1016/j.jcp.2015.07.019},
  file      = {:documentos/cusini2015.pdf:PDF},
  publisher = {Elsevier {BV}},
  url       = {https://doi.org/10.1016%2Fj.jcp.2015.07.019},
}

@Article{Cusini_2020,
  author    = {Matteo Cusini and Joshua A. White and Nicola Castelletto and Randolph R. Settgast},
  title     = {Simulation of coupled multiphase flow and geomechanics in porous media with embedded discrete fractures},
  journal   = {International Journal for Numerical and Analytical Methods in Geomechanics},
  year      = {2020},
  volume    = {45},
  number    = {5},
  pages     = {563--584},
  month     = {dec},
  doi       = {10.1002/nag.3168},
  file      = {:documentos/cusini_2020.pdf:PDF},
  publisher = {Wiley},
  url       = {https://doi.org/10.1002%2Fnag.3168},
}

@InProceedings{Moyner_2013,
  author    = {Olav M{\o}yner and Knut-Andreas Lie},
  title     = {The Multiscale Finite Volume Method on Unstructured Grids},
  booktitle = {All Days},
  year      = {2013},
  month     = {feb},
  publisher = {{SPE}},
  doi       = {10.2118/163649-ms},
  file      = {:documentos/moyner2013.pdf:PDF},
  url       = {https://doi.org/10.2118%2F163649-ms},
}

@InProceedings{Moyner_2015,
  author    = {Olav M{\o}yner and Knut-Andreas Lie},
  title     = {A Multiscale Method Based on Restriction-Smoothed Basis Functions Suitable for General Grids in High Contrast Media},
  booktitle = {{SPE} Reservoir Simulation Symposium},
  year      = {2015},
  publisher = {Society of Petroleum Engineers},
  doi       = {10.2118/173265-ms},
  file      = {:documentos/Moyner_2015.pdf:PDF},
  url       = {https://doi.org/10.2118%2F173265-ms},
}

@Article{Moyner3_2016,
  author    = {Olav M{\o}yner and Knut-Andreas Lie},
  title     = {A Multiscale Restriction-Smoothed Basis Method for Compressible Black-Oil Models},
  journal   = {{SPE} Journal},
  year      = {2016},
  volume    = {21},
  number    = {06},
  pages     = {2079--2096},
  month     = {jun},
  doi       = {10.2118/173265-pa},
  file      = {:documentos/moyner_2016.pdf:PDF},
  publisher = {Society of Petroleum Engineers ({SPE})},
  url       = {https://doi.org/10.2118%2F173265-pa},
}

@Article{Lie2017,
  author    = {K.-A.. -A. Lie and O.. M{\o}yner and J. R. Natvig},
  title     = {Use of Multiple Multiscale Operators To Accelerate Simulation of Complex Geomodels},
  journal   = {{SPE} Journal},
  year      = {2017},
  volume    = {22},
  number    = {06},
  pages     = {1929--1945},
  month     = {aug},
  doi       = {10.2118/182701-pa},
  file      = {:documentos/lie2017.pdf:PDF},
  publisher = {Society of Petroleum Engineers ({SPE})},
  url       = {https://doi.org/10.2118%2F182701-pa},
}

@InProceedings{Moyner_2017,
  author    = {O.. M{\o}yner and H.. Tchelepi},
  title     = {A Multiscale Restriction-Smoothed Basis Method for Compositional Models},
  booktitle = {Day 3 Wed, February 22, 2017},
  year      = {2017},
  month     = {feb},
  publisher = {{SPE}},
  doi       = {10.2118/182679-ms},
  file      = {:documentos/moyner_2017.pdf:PDF},
}

@Article{Moyner_2019,
  author    = {O. M{\o}yner and A. Moncorg{\'{e}}},
  title     = {Nonlinear domain decomposition scheme for sequential fully implicit formulation of compositional multiphase flow},
  journal   = {Computational Geosciences},
  year      = {2019},
  volume    = {24},
  number    = {2},
  pages     = {789--806},
  month     = {jul},
  doi       = {10.1007/s10596-019-09848-1},
  file      = {:documentos/moyner_2019.pdf:PDF},
  publisher = {Springer Science and Business Media {LLC}},
  url       = {https://doi.org/10.1007%2Fs10596-019-09848-1},
}

@Article{Bosma_2021,
  author    = {Sebastian B.M. Bosma and Sergey Klevtsov and Olav M{\o}yner and Nicola Castelletto},
  title     = {Enhanced multiscale restriction-smoothed basis ({MsRSB}) preconditioning with applications to porous media flow and geomechanics},
  journal   = {Journal of Computational Physics},
  year      = {2021},
  volume    = {428},
  pages     = {109934},
  month     = {mar},
  doi       = {10.1016/j.jcp.2020.109934},
  file      = {:documentos/bosma2021.pdf:PDF},
  publisher = {Elsevier {BV}},
  url       = {https://doi.org/10.1016%2Fj.jcp.2020.109934},
}

@InCollection{Klemetsdal2_2020,
  author    = {{\O}ystein S. Klemetsdal and Olav M{\o}yner and Xavier Raynaud and Knut-Andreas Lie},
  title     = {A Comparison of Consistent Discretizations for Elliptic Problems on Polyhedral Grids},
  booktitle = {Finite Volumes for Complex Applications {IX} - Methods, Theoretical Aspects, Examples},
  publisher = {Springer International Publishing},
  year      = {2020},
  pages     = {585--594},
  doi       = {10.1007/978-3-030-43651-3_55},
  file      = {:documentos/klemetsal2_2020.pdf:PDF},
  url       = {https://doi.org/10.1007%2F978-3-030-43651-3_55},
}

@Article{Moyner_2020,
  author    = {Olav M{\o}yner and Odd Andersen and Halvor M. Nilsen},
  title     = {Multi-model hybrid compositional simulator with application to segregated flow},
  journal   = {Computational Geosciences},
  year      = {2020},
  volume    = {24},
  number    = {2},
  pages     = {775--787},
  month     = {jan},
  doi       = {10.1007/s10596-019-09910-y},
  file      = {:documentos/moyner_2020.pdf:PDF},
  publisher = {Springer Science and Business Media {LLC}},
  url       = {https://doi.org/10.1007%2Fs10596-019-09910-y},
}

@Article{Teixeira_2021,
  author    = {Jonathan da Cunha Teixeira and Leonardo Jos{\'{e}} do Nascimento Guimar{\~{a}}es and Darlan Karlo Elisi{\'{a}}rio de Carvalho},
  title     = {Streamline-based simulation in highly heterogeneous and anisotropic petroleum reservoirs using a non-orthodox {MPFA} method and an adaptive timestep strategy with unstructured meshes},
  journal   = {Journal of Petroleum Science and Engineering},
  year      = {2021},
  volume    = {201},
  pages     = {108369},
  month     = {jun},
  doi       = {10.1016/j.petrol.2021.108369},
  file      = {:documentos/Teixeira_2021.pdf:PDF},
  publisher = {Elsevier {BV}},
  url       = {https://doi.org/10.1016%2Fj.petrol.2021.108369},
}

@Article{Bosma_2022,
  author    = {Sebastian B.M. Bosma and Fran{\c{c}}ois P. Hamon and Brad T. Mallison and Hamdi A. Tchelepi},
  title     = {Smooth implicit hybrid upwinding for compositional multiphase flow in porous media},
  journal   = {Computer Methods in Applied Mechanics and Engineering},
  year      = {2022},
  volume    = {388},
  pages     = {114288},
  month     = {jan},
  doi       = {10.1016/j.cma.2021.114288},
  file      = {:documentos/Smooth_Implicit_Hybrid_Upwinding_for_Compositional.pdf:PDF;online:http\://arxiv.org/pdf/2106.03317v1:PDF},
  publisher = {Elsevier {BV}},
  url       = {https://doi.org/10.1016%2Fj.cma.2021.114288},
}

@Article{Hamon_2018,
  author    = {Fran{\c{c}}ois P. Hamon and Bradley T. Mallison and Hamdi A. Tchelepi},
  title     = {Implicit Hybrid Upwinding for two-phase flow in heterogeneous porous media with buoyancy and capillarity},
  journal   = {Computer Methods in Applied Mechanics and Engineering},
  year      = {2018},
  volume    = {331},
  pages     = {701--727},
  month     = {apr},
  doi       = {10.1016/j.cma.2017.10.008},
  file      = {:documentos/hamon2017.pdf:PDF},
  publisher = {Elsevier {BV}},
  url       = {https://doi.org/10.1016%2Fj.cma.2017.10.008},
}

@Article{Hamon_2019,
  author      = {Francois P. Hamon and Bradley T. Mallison},
  title       = {Fully Implicit Multidimensional Hybrid Upwind Scheme for Coupled Flow and Transport},
  journal     = {Computer Methods in Applied Mechanics and Engineering},
  year        = {2019},
  abstract    = {Robust and accurate fully implicit finite-volume schemes applied to Darcy-scale multiphase flow and transport in porous media are highly desirable. Recently, a smooth approximation of the saturation-dependent flux coefficients based on Implicit Hybrid Upwinding (IHU) has been proposed to improve the nonlinear convergence in fully implicit simulations with buoyancy. Here, we design a truly multidimensional extension of this approach that retains the simplicity and robustness of IHU while reducing the sensitivity of the results to the orientation of the computational (Cartesian) grid. This is achieved with the introduction of an adaptive, local coupling between the fluxes that takes the flow pattern into account. We analyze the mathematical properties of the proposed methodology to show that the scheme is monotone in the presence of competing viscous and buoyancy forces and yields saturations remaining between physical bounds. Finally, we demonstrate the efficiency and accuracy of the scheme on challenging two-dimensional two-phase examples with buoyancy, with an emphasis on the reduction of the grid orientation effect.},
  date        = {2018-11-12},
  doi         = {10.1016/j.cma.2019.112606},
  eprint      = {1811.04830v3},
  eprintclass = {math.NA},
  eprinttype  = {arXiv},
  file        = {:documentos/hamon_2019.pdf:PDF;online:http\://arxiv.org/pdf/1811.04830v3:PDF},
  keywords    = {math.NA, cs.NA},
}

@Article{Jiang_2020,
  author       = {Jiamin Jiang and Pavel Tomin and Yifan Zhou},
  title        = {Inexact Methods for Sequential Fully Implicit (SFI) Reservoir Simulation},
  abstract     = {The sequential fully implicit (SFI) scheme was introduced (Jenny et al. 2006) for solving coupled flow and transport problems. Each time step for SFI consists of an outer loop, in which there are inner Newton loops to implicitly and sequentially solve the pressure and transport sub-problems. In standard SFI, the sub-problems are usually solved with tight tolerances at every outer iteration. This can result in wasted computations that contribute little progress towards the coupled solution. The issue is known as `over-solving'. Our objective is to minimize the cost of inner solvers while maintaining the convergence rate of SFI. We first extended a nonlinear-acceleration (NA) framework (Jiang and Tchelepi 2019) to multi-component compositional models, for ensuring robust outer-loop convergence. We then developed inexact-type methods that alleviate `over-solving'. It is found that there is no need for one sub-problem to strive for perfection, while the coupled (outer) residual remains high due to the other sub-problem. The new SFI solver was tested using several complex cases. The problems involve multi-phase and EoS-based compositional fluid systems. We compared different strategies such as fixed relaxations on absolute and relative tolerances for the inner solvers, as well as an adaptive approach. The results show that the basic SFI method is quite inefficient. Away from a coupled solution, additional accuracy achieved in inner solvers is wasted, contributing to little or no reduction of the overall outer residual. By comparison, the adaptive inexact method provides relative tolerances adequate for the current convergence state of the sub-problems. We show across a wide range of flow conditions that the new solver can effectively resolve the over-solving issue, and thus greatly improve the overall efficiency.},
  date         = {2020-11-09},
  doi          = {10.1007/s10596-021-10072-z},
  eprint       = {2011.06411v2},
  eprintclass  = {math.NA},
  eprinttype   = {arXiv},
  file         = {online:http\://arxiv.org/pdf/2011.06411v2:PDF},
  journaltitle = {Computational Geosciences (2021)},
  keywords     = {math.NA, cs.CE, cs.NA, physics.comp-ph},
}

@InProceedings{Fernandes_2014,
  author    = {B. R. B. Fernandes and A. Varavei and F. Marcondes and K. Sepehrnoori},
  title     = {{COMPARISON} {OF} {TWO} {TIME}-{STEPPING} {METHODS} {FOR} {COMPOSITIONAL} {RESERVOIR} {SIMULATION}},
  booktitle = {Proceedings of 10th World Congress on Computational Mechanics},
  year      = {2014},
  month     = {may},
  publisher = {Editora Edgard Blücher},
  doi       = {10.5151/meceng-wccm2012-18202},
  file      = {:documentos/Fernandes_comp.pdf:PDF},
  url       = {https://doi.org/10.5151%2Fmeceng-wccm2012-18202},
}

@Article{Fernandes_2021,
  author    = {Bruno Ramon Batista Fernandes and Francisco Marcondes and Kamy Sepehrnoori},
  title     = {A new four-phase adaptive implicit method for compositional reservoir simulation},
  journal   = {Journal of Computational Physics},
  year      = {2021},
  volume    = {435},
  pages     = {110263},
  month     = {jun},
  doi       = {10.1016/j.jcp.2021.110263},
  file      = {:documentos/fernandes2021.pdf:PDF},
  publisher = {Elsevier {BV}},
  url       = {https://doi.org/10.1016%2Fj.jcp.2021.110263},
}

@MastersThesis{Fernandes_diss,
  author = {Bruno Ramon Batista Fernandes},
  title  = {IMPLICIT AND SEMI-IMPLICIT TECHNIQUES FOR THE COMPOSITIONAL PETROLEUM RESERVOIR SIMULATION BASED ON VOLUME BALANCE},
  school = {Universidade Federal do Ceará},
  year   = {2014},
  file   = {:documentos/2014_dis_brbfernandesIMPEC_BOM.pdf:PDF},
}

@Book{Knut2019,
  title     = {An Introduction to Reservoir Simulation Using {MATLAB}/{GNU} Octave},
  publisher = {Cambridge University Press},
  year      = {2019},
  author    = {Knut-Andreas Lie},
  month     = {jul},
  doi       = {10.1017/9781108591416},
  file      = {:documentos/mrst_book.pdf:PDF},
  url       = {https://doi.org/10.1017%2F9781108591416},
}

@Article{Contreras2016,
  author    = {F.R.L. Contreras and P.R.M. Lyra and M.R.A. Souza and D.K.E. Carvalho},
  title     = {A cell-centered multipoint flux approximation method with a diamond stencil coupled with a higher order finite volume method for the simulation of oil{\textendash}water displacements in heterogeneous and anisotropic petroleum reservoirs},
  journal   = {Computers \& Fluids},
  year      = {2016},
  volume    = {127},
  pages     = {1--16},
  month     = {mar},
  doi       = {10.1016/j.compfluid.2015.11.013},
  file      = {:documentos/contreras2016.pdf:PDF},
  publisher = {Elsevier {BV}},
  url       = {https://doi.org/10.1016%2Fj.compfluid.2015.11.013},
}

@Article{Acs_1985,
  author    = {Gabor Acs and Sandor Doleschall and Eva Farkas},
  title     = {General Purpose Compositional Model},
  journal   = {Society of Petroleum Engineers Journal},
  year      = {1985},
  volume    = {25},
  number    = {04},
  pages     = {543--553},
  month     = {aug},
  doi       = {10.2118/10515-pa},
  file      = {:documentos/acs1985.pdf:PDF},
  publisher = {Society of Petroleum Engineers ({SPE})},
}

@PhdThesis{Schmall2013,
  author = {Luiz Otávio Schmall dos Santos},
  title  = {DEVELOPMENT OF A MULTI-FORMULATION COMPOSITIONAL SIMULATOR},
  school = {University of Texas},
  year   = {2013},
  file   = {:documentos/SANTOS-DISSERTATION-2013.pdf:PDF},
}

@TechReport{Eduarda2020,
  author       = {Maria Eduarda Santos Galindo},
  title        = {Aplicação de uma Formulação Composicional para a Simulação Numérica 1-D de Escoamentos em Reservatório de Petróleo},
  institution  = {Universidade Federal de Pernambuco},
  year         = {2020},
  type         = {techreport},
  file         = {:documentos/Relatorio_Final_PIBIC_2019_2020_Eduarda_FINAL (1).pdf:PDF},
  organization = {Universidade Federal de Pernambuco},
}

@Article{Rezaveisi_2013,
  author    = {M.. Rezaveisi and K.. Sepehrnoori and R.T.. T. Johns},
  title     = {Tie-Simplex-Based Phase-Behavior Modeling in an {IMPEC} Reservoir Simulator},
  journal   = {{SPE} Journal},
  year      = {2013},
  volume    = {19},
  number    = {02},
  pages     = {327--339},
  month     = {dec},
  doi       = {10.2118/163676-pa},
  file      = {:documentos/rezaveisi2014 - flash.pdf:PDF},
  publisher = {Society of Petroleum Engineers ({SPE})},
  url       = {https://doi.org/10.2118%2F163676-pa},
}

@Article{Lohrenz_1964,
  author    = {John Lohrenz and Bruce G. Bray and Charles R. Clark},
  title     = {Calculating Viscosities of Reservoir Fluids From Their Compositions},
  journal   = {Journal of Petroleum Technology},
  year      = {1964},
  volume    = {16},
  number    = {10},
  pages     = {1171--1176},
  month     = {oct},
  doi       = {10.2118/915-pa},
  file      = {:documentos/lohrenz1964.pdf:PDF},
  publisher = {Society of Petroleum Engineers ({SPE})},
  url       = {https://doi.org/10.2118%2F915-pa},
}

@Article{Barbosa_Carvalho_Lyra_Antunes_2017,
  author       = {Barbosa, Lorena M. C. and Carvalho, Darlan K. E. and Lyra, Paulo R. M. and Antunes, Alessandro R. E.},
  title        = {MÉTODO DE VOLUMES FINITOS MULTIESCALA PARA RESERVATÓRIOS HETEROGÊNEOS E ANISOTRÓPICOS},
  journal      = {Revista Interdisciplinar de Pesquisa em Engenharia},
  year         = {2017},
  volume       = {2},
  number       = {21},
  pages        = {127–144},
  month        = {fev.},
  abstractnote = {&amp;lt;p&amp;gt;Os métodos multiescala permitem obter de forma eficiente, resultados acurados para as equações de fluxo em reservatórios de petróleo muito heterogêneos, em &amp;amp;nbsp;qualquer nível de escala. Um desafio para as metodologias multiescala existentes atualmente e, em particular, para o Método de Volumes Finitos Multiescala (MsFVM), consiste na modelagem do fluxo em reservatórios de petróleo muito anisotrópicos, tendo em vista que, neste método, as condições de contorno de localização são tais que apenas os fluxos tangenciais nas &amp;amp;nbsp;interfaces dos blocos, na escala mais grossa, são considerados. Em casos mais extremos, com elevadas razões de anisotropia, o uso de condições de contorno reduzidas pode gerar campos de pressão não monótonos e campos de velocidade oscilatórios, não físicos, que implicam em grandes erros nos campos de saturação. No presente trabalho, apresentamos um Método dos Volumes Finitos Multiescala Iterativo (I-MsFVM) para resolver o problema elíptico que descreve a equação de pressão no escoamento bifásico óleo-água em reservatórios de petróleo heterogêneos e anisotrópicos. O processo iterativo é aplicado para obter-se convergência do campo de pressão, de forma a minimizar as inconsistências geradas pelo desacoplamento dos subdomínios na escala mais grossa. Adicionalmente, comparamos os resultados obtidos por dois Métodos de Volumes Finitos com Aproximação de Fluxo por Múltiplos Pontos (MPFA), o MPFA-O ou MPFA-TPS (Triangle Pressure Support) e o MPFA-FPS (Full Pressure Sup-port) que, em princípio, apresenta propriedades de monotonicidade melhoradas com respeito ao método MPFA-O. Para a solução do &amp;amp;nbsp;problema de saturação utilizamos o Método de Pon-deração Ã  Montante de Primeira Ordem (First Order Upwind Method - FOUM). A fim de avaliar as estratégias estudadas, apresentaremos alguns resultados comparando a acurácia e a sua robustez frente a alguns problemas benchmark encontrados na literatura.&amp;lt;/p&amp;gt;},
  doi          = {10.26512/ripe.v2i21.21702},
  file         = {:documentos/lorena_2017.pdf:PDF},
  url          = {https://periodicos.unb.br/index.php/ripe/article/view/21702},
}

@MastersThesis{Zhou_2006,
  author = {Hui Zhou},
  title  = {OPERATOR BASED MULTISCALE METHOD FOR COMPRESSIBLE FLOW},
  school = {STANFORD UNIVERSITY},
  year   = {2006},
  file   = {:documentos/Zhou06.pdf:PDF},
}

@InProceedings{Cicero_2020,
  author    = {José Cícero Araujo dos Santos and João Paulo Rodrigues de Andrade and Artur Castiel Reis de Souza and Ricardo Jorge Morais de Lira Filho and Darlan Karlo Elisiário de Carvalho and Paulo Roberto Maciel Lyra},
  title     = {An Adaptive Algebraic Dynamic Multilevel (A-ADM) and Multiscale Method with Enriched Basis Functions for the Simulation of Two-Phase Flows in Highly Heterogeneous Petroleum Reservoirs},
  booktitle = {Proceedings of the XLI Ibero-Latin-American Congress on Computational Methods in Engineering},
  year      = {2020},
  address   = {Foz do Iguaçu},
  file      = {:documentos/paper_cilamce_cicero_2020.pdf:PDF},
}

@Misc{imagem_felipe,
  author       = {Felipe Cumaru},
  title        = {Imagem do docker utilizada},
  howpublished = {Disponível em: \url{https://hub.docker.com/r/facsa/impress-workspace}. Acessado em 23/10/2021},
  year         = {2021},
}

@InProceedings{Galindo_2020,
  author    = {Maria E. S. Galindo and Darlan K. E. Carvalho},
  title     = {Numerical Simulation of Multiphase and Multicomponent Fluid Flow in Petroleum Reservoirs Using an IMPEC Compositional Formulation and a Second Order MUSCL Type Finite Volume Method},
  booktitle = {Proceedings of the XLI Ibero-Latin-American Congress on Computational Methods in Engineering},
  year      = {2020},
  file      = {:documentos/duda_2020.pdf:PDF},
}

@Article{Moncorge_2017,
  author    = {A. Moncorg{\'{e}} and H.A. Tchelepi and P. Jenny},
  title     = {Modified sequential fully implicit scheme for compositional flow simulation},
  journal   = {Journal of Computational Physics},
  year      = {2017},
  volume    = {337},
  pages     = {98--115},
  month     = {may},
  doi       = {10.1016/j.jcp.2017.02.032},
  file      = {:documentos/modified_sfi.pdf:PDF},
  publisher = {Elsevier {BV}},
  url       = {https://doi.org/10.1016%2Fj.jcp.2017.02.032},
}

@InProceedings{Kippe_2006,
  author = {Kippe, V. and Aarnes, Jørg and Lie, Knut-Andreas},
  title  = {Multiscale finite-element methods for elliptic problems in porous media flow},
  year   = {2006},
  month  = {06},
  file   = {:documentos/ms-cmwr-xvi.pdf:PDF},
}

@MastersThesis{Moyner_2012,
  author = {Olav Moyner},
  title  = {Multiscale Finite Volume Methods: extension to unstructured grids with applications in reservoir simulation},
  school = {University of Science and Technology},
  year   = {2012},
  file   = {:documentos/moyner_dissertacao.pdf:PDF},
}

@Misc{Fanghor_2015,
  author = {Hans Fanghor},
  title  = {Introduction to Python for Computational Science and Engineering (A beginner’s guide).},
  month  = sep,
  year   = {2015},
  url    = {https://www.southampton.ac.uk/~fangohr/training/python/pdfs/Python-for-Computational-Science-and-Engineering.pdf},
}

@Misc{moab,
  author       = {MOAB},
  title        = {Mesh oriented data base},
  howpublished = {Disponível em https://bitbucket.org/fathomteam/moab/src/master/. Acessado em 9 de novembro de 2021},
}

@Misc{trilinos,
  author       = {Trilinos},
  title        = {Trilinos},
  howpublished = {https://trilinos.github.io/. Acessado em 9 de novembro de 2021.},
}

@Misc{scipy,
  author       = {Scipy},
  title        = {Fundamental algorithms for scientific computing in Python},
  howpublished = {https://scipy.org/. Acessado em 9 de nove,bro de 2021},
}

@Misc{impress,
  author       = {IMPRESS},
  title        = {Intuitive Multilevel Preprocessor for Smart Simulation},
  howpublished = {Disponível em https://github.com/padmec-reservoir/impress. Acessado em 9 de novembro de 2021.},
}

@Misc{visit,
  author       = {VISIT},
  title        = {Scalable, Open Source Visualization and Data Analysis from Laptop to LCF.},
  howpublished = {Disponível em https://visit-dav.github.io/visit-website/index.html. Acessado em 9 de novembro de 2021},
}

@Misc{docker,
  author       = {Docker},
  howpublished = {Disponível em},
}

@Article{Rachford_1952,
  author    = {H.H. Rachford and J.D. Rice},
  title     = {Procedure for Use of Electronic Digital Computers in Calculating Flash Vaporization Hydrocarbon Equilibrium},
  journal   = {Journal of Petroleum Technology},
  year      = {1952},
  volume    = {4},
  number    = {10},
  pages     = {19--3},
  month     = {oct},
  doi       = {10.2118/952327-g},
  file      = {:documentos/rachford1952.pdf:PDF},
  publisher = {Society of Petroleum Engineers ({SPE})},
  url       = {https://doi.org/10.2118%2F952327-g},
}

@Book{Li_2022,
  title     = {Multiphase Equilibria of Complex Reservoir Fluids},
  publisher = {Springer International Publishing},
  year      = {2022},
  author    = {Huazhou Li},
  doi       = {10.1007/978-3-030-87440-7},
  file      = {:documentos/(Petroleum Engineering) Huazhou Li - Multiphase Equilibria of Complex Reservoir Fluids. An Equation of State Modeling Approach-Springer (2022).pdf:PDF},
  url       = {https://doi.org/10.1007%2F978-3-030-87440-7},
}

@Article{Li_2021,
  author    = {Jiawei Li and Pavel Tomin and Hamdi Tchelepi},
  title     = {Sequential fully implicit Newton method for compositional flow and transport},
  journal   = {Journal of Computational Physics},
  year      = {2021},
  volume    = {444},
  pages     = {110541},
  month     = {nov},
  doi       = {10.1016/j.jcp.2021.110541},
  file      = {:documentos/li2021.pdf:PDF},
  publisher = {Elsevier {BV}},
  url       = {https://doi.org/10.1016%2Fj.jcp.2021.110541},
}

@Article{Dong_2022,
  author    = {Cheng Dong and Tong Kang},
  title     = {A least squares based diamond scheme for 3D heterogeneous and anisotropic diffusion problems on polyhedral meshes},
  journal   = {Applied Mathematics and Computation},
  year      = {2022},
  volume    = {418},
  pages     = {126847},
  month     = {apr},
  doi       = {10.1016/j.amc.2021.126847},
  file      = {:documentos/A least squares based diamond scheme for 3D (1).pdf:PDF},
  publisher = {Elsevier {BV}},
  url       = {https://doi.org/10.1016%2Fj.amc.2021.126847},
}

@Book{mrst_2021,
  title     = {Advanced Modeling with the {MATLAB} Reservoir Simulation Toolbox},
  publisher = {Cambridge University Press},
  year      = {2021},
  editor    = {Knut-Andreas Lie and Olav M{\o}yner},
  month     = {nov},
  doi       = {10.1017/9781009019781},
  file      = {:documentos/Advanced_Modeling_with_the_MATLAB_Reservoir_Simulation_Toolbox.pdf:PDF},
  url       = {https://doi.org/10.1017%2F9781009019781},
}

@Article{Adeyemi_2021,
  author    = {Adedimeji A. Adeyemi and Abeeb A. Awotunde and Qinzhuo Liao and Kishore Mohanty and Shirish Patil},
  title     = {Extended Dual Mesh Method with applications in two-phase flow in heterogeneous porous media},
  journal   = {Journal of Petroleum Science and Engineering},
  year      = {2021},
  volume    = {204},
  pages     = {108729},
  month     = {sep},
  doi       = {10.1016/j.petrol.2021.108729},
  file      = {:documentos/adeyemi2021.pdf:PDF},
  publisher = {Elsevier {BV}},
  url       = {https://doi.org/10.1016%2Fj.petrol.2021.108729},
}

@Article{Adeyemi_2022,
  author    = {Adedimeji A. Adeyemi and Abeeb A. Awotunde and Shirish Patil and Mohamed N. Mahmoud and Abdullah S. Sultan and Kishore Mohanty},
  title     = {Triple mesh methods and their application to two-phase flow in porous media},
  journal   = {Journal of Petroleum Science and Engineering},
  year      = {2022},
  volume    = {212},
  pages     = {110252},
  month     = {may},
  doi       = {10.1016/j.petrol.2022.110252},
  file      = {:documentos/TMM.pdf:PDF},
  publisher = {Elsevier {BV}},
  url       = {https://doi.org/10.1016%2Fj.petrol.2022.110252},
}

@Article{Zhou_2011,
  author    = {H.. Zhou and S.H.. H. Lee and H.A.. A. Tchelepi},
  title     = {Multiscale Finite-Volume Formulation for the Saturation Equations},
  journal   = {{SPE} Journal},
  year      = {2011},
  volume    = {17},
  number    = {01},
  pages     = {198--211},
  month     = {dec},
  doi       = {10.2118/119183-pa},
  file      = {:documentos/zhou2012.pdf:PDF},
  publisher = {Society of Petroleum Engineers ({SPE})},
  url       = {https://doi.org/10.2118%2F119183-pa},
}

@Article{Kippe_2008,
  author    = {Vegard Kippe and J{\o}rg E. Aarnes and Knut-Andreas Lie},
  title     = {A comparison of multiscale methods for elliptic problems in porous media flow},
  journal   = {Comput Geosci},
  year      = {2008},
  volume    = {12},
  number    = {3},
  pages     = {377--398},
  month     = {feb},
  doi       = {10.1007/s10596-007-9074-6},
  file      = {:documentos/kippe2008.pdf:PDF},
  publisher = {Springer Science and Business Media {LLC}},
  url       = {https://doi.org/10.1007%2Fs10596-007-9074-6},
}

@Article{Bo_Yang_2015,
  author    = {Hui Liu Bo Yang},
  title     = {Accelerating the {GMRES} Solver with Block {ILU} (K) Preconditioner on {GPUs} in Reservoir Simulation},
  journal   = {J Geol Geosci} # Geosciences,
  year      = {2015},
  volume    = {04},
  number    = {02},
  doi       = {10.4172/2329-6755.1000199},
  file      = {:documentos/accelerating-the-gmres-solver-with-block-ilu-k-preconditioner-on-gpus-in-reservoir-simulation-2329-6755-1000199.pdf:PDF},
  publisher = {{OMICS} Publishing Group},
  url       = {https://doi.org/10.4172%2F2329-6755.1000199},
}

@Misc{Bo_Yang_1703.01325,
  author = {Bo Yang and Hui Liu and He Zhong and Zhangxin Chen},
  title  = {Decoupled Block-Wise ILU(k) Preconditioner on GPU},
  year   = {2017},
  eprint = {arXiv:1703.01325},
  file   = {:documentos/1703.01325.pdf:PDF},
}

@Book{Danesh1998-vg,
  title     = {{PVT} and phase behaviour of petroleum reservoir fluids: Volume 47},
  publisher = {Elsevier Science},
  year      = {1998},
  author    = {Danesh, Ali},
  series    = {Developments in petroleum science},
  address   = {London, England},
  month     = may,
  file      = {:documentos/pvt and phase behaviour of petroleum reservoir fluids ( PDFDrive ).pdf:PDF},
  language  = {en},
}

@Book{Pedersen2014-zg,
  title     = {Phase behavior of petroleum reservoir fluids, second edition},
  publisher = {CRC Press},
  year      = {2014},
  author    = {Pedersen, Karen Schou and Christensen, Peter L and Azeem, Shaikh Jawad},
  address   = {Boca Raton, FL},
  edition   = {2},
  month     = dec,
  isbn      = {978-1-4398-5227-9},
  file      = {:documentos/Phase Behavior of Petroleum Reservoir Fluids ( PDFDrive ).pdf:PDF},
}

@Article{Li_2012,
  author    = {Zhidong Li and Abbas Firoozabadi},
  title     = {General Strategy for Stability Testing and Phase-Split Calculation in Two and Three Phases},
  journal   = {{SPE} Journal},
  year      = {2012},
  volume    = {17},
  number    = {04},
  pages     = {1096--1107},
  month     = {nov},
  doi       = {10.2118/129844-pa},
  file      = {:documentos/li2012.pdf:PDF},
  publisher = {Society of Petroleum Engineers ({SPE})},
  url       = {https://doi.org/10.2118%2F129844-pa},
}

@Inbook{Michael_Adewumi_2021,
  chapter   = {Vapor-Liquid Equilibrium via EOS},
  pages     = {1},
  title     = {The Stability Criteria},
  publisher = {Pennsylvania State University},
  year      = {2022},
  author    = {Michael Adewumi},
  editor    = {.},
  url       = {https://www.e-education.psu.edu/png520/m17_p7.html},
  urldate   = {2022-03-09},
}

@Article{Michelsen_1982,
  author    = {Michael L. Michelsen},
  title     = {The isothermal flash problem. Part I. Stability},
  journal   = {Fluid Phase Equilibria},
  year      = {1982},
  volume    = {9},
  number    = {1},
  pages     = {1--19},
  month     = {dec},
  doi       = {10.1016/0378-3812(82)85001-2},
  file      = {:documentos/fpe-flash-stability.pdf:PDF},
  publisher = {Elsevier {BV}},
  url       = {https://doi.org/10.1016%2F0378-3812%2882%2985001-2},
}

@Article{Michelsen1982-am,
  author    = {Michelsen, Michael L},
  title     = {The isothermal flash problem. Part {II}. Phase-split calculation},
  journal   = {Fluid Phase Equilib.},
  year      = {1982},
  volume    = {9},
  number    = {1},
  pages     = {21--40},
  month     = dec,
  abstract  = {Algorithms for calculation of multiphase equilibrium at given
               temperature and pressure using a single Equation of State as the
               thermodynamic model are described. The use of stability analysis
               to generate initial estimates and of second order convergence
               methods lead to rapid solution even in the immediate vicinity of
               critical points.},
  file      = {:documentos/michelsen1982.pdf:PDF},
  language  = {en},
  publisher = {Elsevier BV},
}

@Book{Islam2020-mo,
  title     = {Petroleum Reservoir Simulation},
  publisher = {Gulf Professional Publishing},
  year      = {2020},
  author    = {Islam, M Rafiqul and Abou-Kassem, J H and Farouq-Ali, S M},
  address   = {Oxford, England},
  edition   = {2},
  month     = jan,
  file      = {:documentos/Petroleum Reservoir Simulations The Engineering Approach by Jamal H. Abou-kassem, M. Rafiqul Islam, S. M. Farouq-ali (z-lib.org).pdf:PDF},
}

@Book{Islam2016-xe,
  title     = {Advanced petroleum reservoir simulation},
  publisher = {John Wiley \& Sons},
  year      = {2016},
  author    = {Islam, M R and Hossain, M Enamul and Moussavizadegan, S H and Mustafiz, Shabbir and Abou-Kassem, Jamal H},
  series    = {Wiley-Scrivener},
  address   = {Nashville, TN},
  edition   = {2},
  month     = sep,
  file      = {:documentos/Advanced Petroleum Reservoir Simulation Towards Developing Reservoir Emulators by M. R. Islam, M. E. Hossain, S. H. Moussavizadegan, S. Mustafiz, J. H. Abou-Kassem (z-lib.org).pdf:PDF},
  language  = {en},
}

@MastersThesis{Socorro_2014,
  author  = {Maria do Socorro Bezerra da Silva},
  title   = {Estudo Paramétrico da injeção de polímeros em reservatórios de petróleo},
  school  = {Universidade Federal do Rio Grande do Norte},
  year    = {2014},
  address = {Natal},
  file    = {:documentos/EstudoParamétricoInjecao_Silva_2014.pdf:PDF},
}

@MastersThesis{Arthur_diss,
  author = {Artur Castiel Reis de Souza},
  title  = {A MsCV framework using a non-orthodox MPFA-D for the simulation of two-phase flows on truly unstructured grids},
  school = {Universidade Federal de Pernambuco},
  year   = {2018},
  file   = {:documentos/DISSERTAÇÃO Artur Castiel Reis de Souza.pdf:PDF},
}

@PhdThesis{Karin_phd,
  author = {KARIN GABRIELA GONZALEZ ABAD},
  title  = {ADAPTIVE MESH REFINEMENT AND COARSENING FOR COMPOSITIONAL RESERVOIR SIMULATION},
  school = {Texas A\&M University},
  year   = {2016},
  month  = dec,
  file   = {:documentos/GONZALEZABAD-DISSERTATION-2016.pdf:PDF},
}

@TechReport{Duda_mono,
  author      = {\text{M.} E. S. Galindo},
  title       = {SIMULAÇÃO NUMÉRICA DO ESCOAMENTO COMPOSICIONAL EM RESERVATÓRIOS DE PETRÓLEO UTILIZANDO UMA FORMULAÇÃO IMPEC E O MÉTODO MUSCL},
  institution = {Universidade Federal de Pernambuco},
  year        = {2021},
  address     = {Trabalho de Conclusão de Curso. Universidade Federal de Pernambuco. Recife},
  file        = {:documentos/Monografia_TCC2.pdf:PDF},
}

@MastersThesis{Edilson_diss_2017,
  author = {Edilson Pimentes Drumond Filho},
  title  = {AN ADAPTIVE IMPLICIT COMPOSITIONAL RESERVOIR APPROACH USING 2D/3D UNSTRUCTURED GRIDS},
  school = {Universidade Federal do Ceará},
  year   = {2017},
  file   = {:documentos/2017_dis_epdrumondfilho.pdf:PDF},
}

@Article{Araujo_dos_Santos_2022,
  author    = {Jos{\'{e}} C{\'{\i}}cero Araujo dos Santos and Paulo Roberto Maciel Lyra and Jo{\~{a}}o Paulo Rodrigues de Andrade and Artur Castiel Reis de Souza and Ricardo Jorge Morais de Lira Filho and Darlan Karlo Elisi{\'{a}}rio de Carvalho},
  title     = {An Algebraic Dynamic Multilevel and Multiscale Method with Non-Uniform Mesh Resolution and Adaptive Algebraic Multiscale Solver Operator for the Simulation of Two-Phase Flows in Highly Heterogeneous Petroleum Reservoirs},
  journal   = {Journal of Computational Physics},
  year      = {2022},
  pages     = {111174},
  month     = {mar},
  doi       = {10.1016/j.jcp.2022.111174},
  file      = {:documentos/cicero_paper_2022.pdf:PDF},
  publisher = {Elsevier {BV}},
}

@Article{De_Souza2022-td,
  author    = {de Souza, Artur Castiel Reis and de Carvalho, Darlan Karlo Elisi{\'a}rio and dos Santos, Jos{\'e} C{\'\i}cero Araujo and Willmersdorf, Ramiro Brito and Lyra, Paulo Roberto Maciel and Edwards, Michael G},
  title     = {An algebraic multiscale solver for the simulation of two-phase flow in heterogeneous and anisotropic porous media using general unstructured grids ({AMS-U})},
  journal   = {Appl. Math. Model.},
  year      = {2022},
  volume    = {103},
  pages     = {792--823},
  month     = mar,
  file      = {:documentos/paper_arthur_2.pdf:PDF},
  language  = {en},
  publisher = {Elsevier BV},
}

@Article{Brooks_and_corey_1964,
  author  = {R. H. Brooks and A. T. Corey},
  title   = {Hydraulic Properties of Porous Media},
  journal = {Hydraulic Paper No. 3},
  year    = {1964},
  file    = {:documentos/HydrologyPapers_n3.pdf:PDF},
}

@Article{Wilson_1968,
  author  = {G Wilson},
  title   = {A Modified Redlich-Kwong EOS, Application to General Physical Data Calculations},
  journal = {American Institute of Chemical Engineers 65th National Meeting},
  year    = {1968},
}

@Article{Mosharaf_Dehkordi_2022,
  author    = {Mehdi Mosharaf-Dehkordi},
  title     = {A fixed point multi-scale finite volume method: Application to two-phase incompressible fluid flow through highly heterogeneous porous media},
  journal   = {Journal of Computational Physics},
  year      = {2022},
  volume    = {462},
  pages     = {111219},
  month     = {aug},
  doi       = {10.1016/j.jcp.2022.111219},
  file      = {:documentos/mosharaf_2022.pdf:PDF},
  publisher = {Elsevier {BV}},
  url       = {https://doi.org/10.1016%2Fj.jcp.2022.111219},
}

@Article{Nardean_2022,
  author    = {Stefano Nardean and Massimiliano Ferronato and Ahmad Abushaikha},
  title     = {Linear Solvers for Reservoir Simulation Problems: An Overview and Recent Developments},
  journal   = {Arch Computat Methods Eng},
  year      = {2022},
  month     = {apr},
  doi       = {10.1007/s11831-022-09739-2},
  file      = {:documentos/Stefano_2022.pdf:PDF},
  publisher = {Springer Science and Business Media {LLC}},
  url       = {https://doi.org/10.1007%2Fs11831-022-09739-2},
}

@Comment{jabref-meta: databaseType:bibtex;}

@Comment{jabref-meta: groupstree:
0 AllEntriesGroup:;
1 ExplicitGroup:Multiscale benchmark\;0\;;
1 ExplicitGroup:MPFA\;0\;;
}
